timestamp,bid1,bid1_qty,ask1,ask1_qty,bid2,bid2_qty,ask2,ask2_qty,bid3,bid3_qty,ask3,ask3_qty,bid4,bid4_qty,ask4,ask4_qty,bid5,bid5_qty,ask5,ask5_qty
2025-09-26 07:50:42.014000,109063.54,0.0,109054.12,10.2641,109063.53,0.0,109054.13,0.0001,109062.95,0.0,109054.14,0.0,109062.39,0.0,109054.99,0.0,109062.38,0.0,109055.0,0.0
2025-09-26 07:50:43.014000,109054.11,3.02269,109054.12,10.31539,109049.27,0.32992,109056.63,5e-05,109048.43,0.10211,109057.04,0.07789,109044.11,0.4,109057.07,0.0,109037.58,0.15,109057.08,0.0
2025-09-26 07:50:44.014000,109054.11,3.51185,109054.12,10.20876,109054.1,0.00075,109056.02,0.04604,109053.02,0.0002,109056.03,0.0001,109053.01,0.0,109056.47,0.0001,109052.91,0.0,109056.48,0.09665
2025-09-26 07:50:45.014000,109054.11,5.4912,109054.12,10.25477,109054.1,0.00274,109054.13,0.00045,109052.39,0.4001,109054.14,0.0001,109051.83,0.0,109056.03,0.0,109050.87,0.32991,109058.43,0.00182
2025-09-26 07:50:46.014000,109054.11,5.30756,109054.12,9.91135,109054.1,0.00304,109057.06,0.00182,109054.09,0.00925,109060.0,0.0216,109054.08,0.0046,109060.4,0.06266,109054.06,0.00925,109061.02,2.08504
2025-09-26 07:50:47.014000,109054.11,5.51678,109054.12,9.90728,109054.1,0.00309,109054.13,0.00786,109054.04,0.00935,109054.2,0.0001,109049.27,0.32992,109056.02,0.04594,109048.66,0.04596,109056.48,0.19994
2025-09-26 07:50:48.014000,109054.11,5.47003,109054.12,9.90944,109054.1,0.00304,109060.0,0.0216,109049.27,0.32992,109060.39,0.0,109048.66,0.0,109060.4,0.0,109047.92,0.32992,109060.93,0.0001
2025-09-26 07:50:49.014000,109054.11,5.49295,109054.12,9.61606,109039.97,0.0,109060.0,0.0216,109028.8,0.0917,109060.67,0.02295,109028.79,0.0,109060.93,0.0001,109028.76,0.0,109060.94,0.0612
2025-09-26 07:50:50.014000,109054.11,5.51576,109054.12,9.59474,109054.1,0.00075,109060.67,0.02295,109041.41,0.13068,109060.93,0.0001,109041.2,0.0,109060.94,0.06234,109040.32,0.00505,109062.38,0.0
2025-09-26 07:50:51.014000,109054.11,3.75245,109054.12,9.59434,109054.1,0.00868,109054.13,0.00791,109054.04,0.00935,109055.29,0.0,109053.88,0.01839,109056.01,0.00932,109053.01,0.06407,109056.02,0.0001
2025-09-26 07:50:52.014000,109057.06,13.98691,109054.12,0.0,109057.05,0.11663,109054.13,0.0,109057.0,0.0215,109054.14,0.0,109056.62,0.0,109054.2,0.0,109056.47,0.0,109056.01,0.0
2025-09-26 07:50:53.014000,109057.06,14.30637,109057.07,0.29493,109057.05,0.12438,109057.08,0.00095,109057.0,0.02155,109057.09,0.0001,109055.86,0.0002,109057.31,0.0,109055.54,5e-05,109057.32,0.0
2025-09-26 07:50:54.014000,109057.06,14.28524,109057.07,0.44223,109057.05,0.12448,109057.08,0.0009,109057.04,0.0001,109058.81,5e-05,109057.0,0.02165,109059.23,0.03237,109056.99,0.0001,109061.55,0.0
2025-09-26 07:50:55.014000,109057.06,14.74991,109057.07,0.37166,109057.05,0.12463,109057.08,0.0009,109052.59,0.00367,109059.23,0.03237,109052.55,0.13068,109059.98,0.0,109051.26,0.0,109061.51,0.0001
2025-09-26 07:50:56.014000,109057.06,14.74992,109057.07,0.37103,109057.05,0.12478,109057.08,0.00085,109039.64,0.0917,109059.23,0.03237,109039.58,0.0,109059.98,0.0,109039.07,0.0,109061.43,0.0001
2025-09-26 07:50:57.014000,109057.84,10.6634,109057.07,0.0,109057.83,0.0003,109057.08,0.0,109057.82,0.0001,109057.09,0.0,109057.18,5e-05,109057.83,0.0,109057.09,0.0,109057.84,0.0
2025-09-26 07:50:58.014000,109057.84,10.6661,109057.85,0.64607,109057.83,0.00789,109057.86,0.0008,109057.82,0.0001,109058.81,5e-05,109057.3,0.00192,109059.23,0.03247,109057.29,0.0001,109059.24,0.0001
2025-09-26 07:50:59.014000,109057.84,10.63935,109057.85,1.03387,109057.83,0.02115,109057.86,0.00075,109057.76,0.0001,109057.93,0.0001,109057.06,0.85154,109058.81,0.0,109054.13,0.30245,109059.23,0.03247
2025-09-26 07:51:00.014000,109057.84,9.82379,109057.85,2.87494,109057.83,0.02023,109057.86,0.00075,109057.06,0.81154,109057.87,0.0001,109057.0,0.0,109059.01,0.00015,109054.2,0.0,109059.02,0.10658
2025-09-26 07:51:01.014000,109057.84,9.92151,109057.85,0.67295,109057.83,0.02599,109057.86,0.0007,109057.82,0.0001,109057.87,0.0001,109057.37,0.0668,109059.01,5e-05,109057.36,0.0001,109059.02,0.0
2025-09-26 07:51:02.014000,109057.84,9.92065,109057.85,1.03858,109057.83,0.02594,109057.86,0.0007,109057.82,0.0001,109059.23,0.03247,109057.55,0.06665,109059.24,0.0001,109057.37,0.0,109059.32,0.0001
2025-09-26 07:51:03.014000,109057.84,9.91502,109057.85,1.32058,109057.83,0.02028,109057.86,0.0007,109057.82,0.0001,109058.81,5e-05,109057.55,0.0668,109059.23,0.03247,109057.54,0.0001,109059.24,0.0001
2025-09-26 07:51:04.014000,109057.84,9.79472,109057.85,0.84559,109057.83,0.0253,109057.86,0.0007,109057.06,0.55509,109058.81,0.0,109049.79,0.0,109059.23,0.03247,109049.66,0.0,109059.24,0.0001
2025-09-26 07:51:05.014000,109057.84,9.90351,109057.85,0.91347,109057.83,0.025,109057.86,0.0007,109057.06,0.50923,109059.91,0.0,109054.11,0.12498,109063.19,5e-05,109054.09,0.0,109065.1,3.00005
2025-09-26 07:51:06.014000,109057.84,9.17089,109057.85,3.33325,109057.83,0.02485,109059.65,0.09411,109057.82,0.0001,109060.91,0.0,109057.55,0.0,109060.92,0.0,109057.54,0.0,109063.56,0.01844
2025-09-26 07:51:07.014000,109057.84,9.17593,109057.85,2.99847,109057.83,0.02886,109057.86,0.0008,109057.82,0.0047,109059.56,0.0,109057.81,0.0046,109059.65,0.09411,109057.8,0.0046,109060.66,0.0
2025-09-26 07:51:08.014000,109057.84,9.72197,109057.85,2.90717,109051.89,0.0001,109057.86,0.00075,109049.62,0.0,109059.65,0.09411,109047.83,0.0,109062.1,0.0,109045.07,0.0,109062.11,0.0
2025-09-26 07:51:09.014000,109057.84,9.69966,109057.85,2.83157,109056.22,0.0001,109057.86,0.0008,109056.21,0.00092,109059.24,0.0001,109055.86,0.0,109059.48,0.00092,109052.37,0.06665,109065.09,0.90038
2025-09-26 07:51:10.014000,109057.84,9.79168,109057.85,0.76205,109057.83,0.02821,109057.86,0.0007,109057.06,0.55509,109059.23,0.03247,109051.2,1.27872,109059.64,0.0,109050.18,0.13063,109059.65,0.0
2025-09-26 07:51:11.014000,109057.84,9.79163,109057.85,0.63879,109057.83,0.03562,109057.86,0.00075,109057.06,0.50923,109058.81,0.0,109049.66,0.04586,109059.23,0.03247,109046.64,0.053,109061.5,0.0001
2025-09-26 07:51:12.014000,109057.84,9.79995,109057.85,0.52887,109057.83,0.09421,109057.86,0.0007,109057.07,0.0001,109058.81,5e-05,109057.06,0.55509,109061.5,0.0,109057.0,0.02155,109061.71,0.0001
2025-09-26 07:51:13.014000,109063.99,16.15258,109057.85,0.0,109063.98,0.01818,109057.86,0.0,109063.97,0.0001,109057.87,0.0,109063.92,0.0001,109057.93,0.0,109063.58,0.0,109058.81,0.0
2025-09-26 07:51:14.014000,109063.99,15.05657,109064.0,4.88914,109063.98,0.01818,109064.01,0.00035,109062.91,0.0001,109064.02,0.0001,109062.9,0.0001,109064.28,5e-05,109062.89,0.0,109065.1,3.0001
2025-09-26 07:51:15.014000,109063.99,15.14822,109064.0,4.80945,109054.76,0.00088,109064.01,0.0003,109053.99,0.4,109065.1,3.0001,109053.44,6e-05,109067.55,0.0,109053.35,0.00799,109068.54,0.49768
2025-09-26 07:51:16.014000,109063.99,15.0564,109064.0,6.08725,109053.08,0.003,109067.59,0.08522,109050.35,0.0001,109068.13,0.10955,109050.22,0.0,109068.54,0.49763,109050.12,0.0917,109069.07,0.01837
2025-09-26 07:51:17.014000,109063.99,15.15745,109064.0,5.90799,109063.98,0.01818,109064.01,0.0003,109058.3,0.02752,109064.98,0.00885,109052.56,0.0,109064.99,0.0002,109051.82,0.0,109065.08,0.0001
2025-09-26 07:51:18.014000,109063.99,15.10257,109064.0,5.66886,109063.98,0.01718,109064.01,0.0009,109059.67,0.04003,109064.98,0.00885,109057.07,0.0,109065.08,0.0001,109056.99,0.13063,109065.09,0.94736
2025-09-26 07:51:19.014000,109063.99,14.98205,109064.0,5.55559,109063.98,0.0002,109064.01,0.0007,109062.77,0.0001,109065.09,0.96374,109062.0,0.0,109065.1,3.0001,109061.57,0.32993,109066.4,0.11264
2025-09-26 07:51:20.014000,109063.99,15.07914,109064.0,5.49877,109063.98,0.01524,109064.01,0.00065,109063.97,0.0001,109067.56,0.0,109061.58,0.0001,109067.59,0.08522,109061.56,0.0,109067.97,0.0
2025-09-26 07:51:21.014000,109063.99,15.07914,109064.0,5.46108,109063.98,0.0227,109064.01,0.00055,109063.97,0.0001,109065.09,0.08245,109063.37,0.0001,109065.1,0.0,109063.36,0.00192,109065.17,0.0
2025-09-26 07:51:22.014000,109063.99,15.13113,109064.0,3.64129,109063.98,0.01529,109064.01,0.0006,109061.58,0.0,109064.28,0.0,109061.0,0.0216,109064.98,0.00885,109060.87,0.0667,109064.99,0.0002
2025-09-26 07:51:23.014000,109063.99,15.52773,109064.0,3.10252,109063.98,0.01784,109064.01,0.00055,109058.24,0.09169,109064.28,5e-05,109057.06,0.25197,109064.98,0.00885,109057.05,0.0,109064.99,0.0002
2025-09-26 07:51:24.014000,109063.99,6.77768,109064.0,3.10325,109063.98,0.01784,109064.01,0.0006,109061.57,0.32988,109066.71,0.08442,109061.0,0.02165,109069.07,0.01837,109060.87,0.0,109069.98,5e-05
2025-09-26 07:51:25.014000,109063.99,6.77898,109064.0,3.26302,109063.98,0.01784,109064.01,0.00055,109057.77,0.0,109066.72,0.04029,109057.37,0.0,109067.17,0.0,109056.92,0.0,109067.18,0.0
2025-09-26 07:51:26.014000,109063.99,6.77625,109064.0,3.26534,109057.83,0.01321,109064.01,0.00055,109057.82,0.0,109067.59,0.08522,109057.81,0.0,109068.11,0.0,109057.8,0.0,109068.12,0.0
2025-09-26 07:51:27.014000,109063.99,6.77227,109064.0,2.19675,109063.98,0.01784,109064.01,0.00055,109063.36,0.00192,109066.71,0.06029,109063.35,0.0001,109067.59,0.08522,109063.01,0.0001,109067.71,0.0001
2025-09-26 07:51:28.014000,109078.85,19.44955,109064.0,0.0,109078.84,0.02231,109064.01,0.0,109078.83,0.0001,109064.02,0.0,109078.82,0.0046,109064.08,0.0,109078.58,5e-05,109064.28,0.0
2025-09-26 07:51:29.014000,109089.65,17.84277,109078.86,0.0,109089.64,0.0001,109078.87,0.0,109089.6,0.031,109078.88,0.0,109089.59,0.0001,109079.24,0.0,109089.51,0.0,109079.25,0.0
2025-09-26 07:51:30.014000,109089.65,17.85099,109089.66,0.57813,109089.64,0.01776,109089.67,0.0009,109089.63,0.0001,109089.85,0.0,109088.47,0.0,109089.86,0.01268,109088.06,0.30233,109089.97,0.0
2025-09-26 07:51:31.014000,109089.65,18.66765,109089.66,0.4158,109089.64,0.02522,109089.67,0.04683,109089.6,0.031,109089.68,0.0001,109089.59,0.0001,109089.86,0.0,109089.01,0.0001,109089.87,0.0
2025-09-26 07:51:32.014000,109099.06,13.8274,109089.66,0.0,109099.05,0.0001,109089.67,0.0,109098.96,0.0001,109089.68,0.0,109098.95,0.03065,109089.82,0.0,109098.94,0.0001,109089.99,0.0
2025-09-26 07:51:33.014000,109099.06,13.67234,109099.07,3.37588,109099.05,0.02522,109099.08,0.00085,109099.04,0.0001,109104.52,0.0,109098.95,0.03065,109105.35,0.43405,109098.94,0.0001,109106.47,0.0
2025-09-26 07:51:34.014000,109099.06,0.0,109086.96,19.97981,109099.05,0.0,109086.97,1.63921,109099.04,0.0,109086.98,0.0001,109098.96,0.0,109087.17,0.0,109098.95,0.0,109087.18,0.0
2025-09-26 07:51:35.014000,109086.95,0.92703,109086.96,20.56043,109086.94,0.00641,109086.97,0.67567,109086.93,0.0001,109086.98,0.0001,109086.5,0.0,109087.04,0.0001,109086.49,0.0,109087.99,0.00815
2025-09-26 07:51:36.014000,109086.95,0.161,109086.96,20.83548,109086.94,0.00075,109086.97,0.67567,109086.16,5e-05,109086.98,0.0001,109085.8,0.0,109087.0,0.0217,109085.78,0.0001,109087.01,0.0001
2025-09-26 07:51:37.014000,109086.95,0.0,109083.4,18.2018,109086.94,0.0,109083.41,0.0001,109086.93,0.0,109083.86,0.0,109086.92,0.0,109083.92,5e-05,109086.16,0.0,109083.98,0.0
2025-09-26 07:51:38.014000,109083.39,0.0,109079.67,32.33695,109083.38,0.0,109079.68,0.0001,109083.37,0.0,109080.0,0.0216,109082.88,0.0,109080.01,0.0401,109082.22,0.0,109080.02,0.0001
2025-09-26 07:51:39.014000,109079.66,0.0,109064.01,9.30827,109079.65,0.0,109064.02,0.0001,109079.64,0.0,109064.48,0.0,109079.63,0.0,109064.56,0.0,109079.62,0.0,109064.82,5e-05
2025-09-26 07:51:40.014000,109064.0,0.0,109060.01,31.75293,109063.99,0.0,109060.02,0.00927,109063.98,0.0,109061.0,0.02175,109062.81,0.0,109061.01,0.0001,109062.8,0.0,109061.09,0.0
2025-09-26 07:51:41.014000,109060.0,0.0,109057.85,31.51172,109059.99,0.0,109057.86,0.0001,109059.98,0.0,109057.99,0.0,109059.92,0.0,109058.0,0.0217,109058.73,0.0,109058.01,0.0001
2025-09-26 07:51:42.014000,109057.84,0.99722,109057.85,30.63182,109057.83,0.01436,109057.99,0.0001,109057.73,0.0,109058.99,0.0001,109057.07,0.00015,109059.0,0.0217,109056.73,0.0001,109059.01,0.0001
2025-09-26 07:51:43.014000,109057.84,2.19748,109057.85,29.76567,109057.83,0.01911,109057.86,0.0002,109057.82,0.0047,109057.99,0.0,109057.81,0.0046,109058.0,0.0,109057.8,0.0046,109058.01,0.0
2025-09-26 07:51:44.014000,109057.84,4.97602,109057.85,26.16047,109057.83,0.01911,109057.86,0.0001,109057.76,0.00925,109058.34,0.0,109057.06,0.20607,109059.44,0.0,109056.75,0.0001,109059.99,0.0
2025-09-26 07:51:45.014000,109057.84,4.83281,109057.85,26.49729,109057.76,0.00935,109057.86,0.00015,109056.74,0.06411,109057.93,0.0001,109052.38,0.0,109059.63,0.0001,109046.36,0.04586,109059.64,0.06685
2025-09-26 07:51:46.014000,109057.84,4.82907,109057.85,26.17626,109037.06,0.053,109057.86,0.00015,109033.74,0.0,109059.24,0.0,109033.43,0.0,109059.25,0.0,109033.41,0.0,109059.26,0.0
2025-09-26 07:51:47.014000,109057.84,4.81852,109057.85,25.88304,109052.19,0.01562,109061.1,0.04053,109047.84,0.8,109061.73,0.0001,109045.22,0.00014,109061.74,5e-05,109039.9,0.0,109061.77,0.0
2025-09-26 07:51:48.014000,109057.84,5.79111,109057.85,17.17302,109057.83,0.01816,109057.86,0.00065,109057.18,5e-05,109057.87,0.0001,109057.06,0.20607,109059.63,0.0,109057.0,0.0216,109059.64,0.0
2025-09-26 07:51:49.014000,109057.84,5.71522,109057.85,16.96315,109057.83,0.01816,109057.86,0.00045,109057.76,0.00935,109057.87,0.0001,109057.65,0.04019,109060.75,0.0002,109057.06,0.20607,109060.76,0.10969
2025-09-26 07:51:50.014000,109057.84,5.71061,109057.85,16.77413,109054.11,0.03322,109057.86,0.0004,109048.32,0.0,109069.63,0.00499,109045.58,0.0,109071.27,0.00916,109044.89,0.0,109080.16,0.0
2025-09-26 07:51:51.014000,109057.84,5.70948,109057.85,16.77768,109054.11,0.00967,109057.86,0.00035,109049.98,0.0,109057.87,0.0001,109044.31,0.00367,109060.75,0.0001,109043.9,0.0,109060.76,0.0
2025-09-26 07:51:52.014000,109057.84,5.71965,109057.85,16.37702,109057.18,0.0,109057.86,0.00055,109055.72,0.09525,109057.87,0.0001,109055.0,0.0,109061.39,0.0001,109054.11,0.00972,109061.4,0.09052
2025-09-26 07:51:53.014000,109057.84,6.00376,109057.85,16.2095,109057.65,0.04019,109057.86,0.00065,109057.07,0.0001,109057.87,0.0001,109057.06,0.00821,109057.99,0.0001,109056.67,0.3299,109058.0,0.11328
2025-09-26 07:51:54.014000,109057.84,6.02564,109057.85,13.6663,109047.86,0.45898,109057.86,0.0005,109047.1,0.06665,109058.0,0.11328,109045.07,1.27872,109058.01,0.0001,109044.64,0.0,109058.47,0.0
2025-09-26 07:51:55.014000,109057.84,6.11545,109057.85,13.60827,109052.38,0.04586,109057.86,0.0005,109047.85,0.8,109058.0,0.11328,109046.95,2.47602,109058.01,0.0001,109046.36,0.0,109061.67,0.0001
2025-09-26 07:51:56.014000,109057.84,5.9986,109057.85,13.52543,109043.62,0.15,109057.86,0.00055,109040.34,0.0,109058.0,0.11328,109038.65,0.0,109058.01,0.0001,109038.03,0.0,109061.39,0.0001
2025-09-26 07:51:57.014000,109057.84,6.00679,109057.85,12.20524,109057.83,0.01811,109057.86,0.00045,109057.76,0.00935,109057.87,0.0001,109057.65,0.0,109057.99,0.0,109057.06,0.0,109058.0,0.0
2025-09-26 07:51:58.014000,109057.84,6.09814,109057.85,12.20302,109043.3,0.0,109057.86,0.0005,109043.22,0.13063,109057.87,0.0001,109038.58,0.0,109061.64,0.0002,109038.56,0.0,109061.65,0.0002
2025-09-26 07:51:59.014000,109057.84,6.06687,109057.85,12.11048,109057.83,0.01811,109057.86,0.00045,109057.76,0.00935,109057.87,0.0001,109057.01,0.0001,109061.39,0.0001,109057.0,0.0216,109061.4,0.0402
2025-09-26 07:52:00.014000,109057.84,6.43654,109057.85,12.09874,109057.83,0.01816,109057.86,0.0004,109055.0,0.02155,109061.4,0.0402,109054.47,0.04,109061.41,0.0001,109052.38,0.04586,109061.64,0.0
2025-09-26 07:52:01.014000,109057.84,6.42942,109057.85,10.45697,109048.4,1.27872,109060.75,0.0,109047.46,0.0,109061.38,0.0001,109046.48,0.00367,109068.75,0.04557,109039.47,0.0,109071.01,0.0
2025-09-26 07:52:02.014000,109057.84,6.69256,109057.85,11.3708,109057.83,0.01356,109072.3,0.06333,109057.82,0.0001,109073.58,0.01862,109057.81,0.0,109077.89,0.013,109057.8,0.0,109078.23,0.0
2025-09-26 07:52:03.014000,109057.84,0.0,109057.84,31.25423,109057.83,0.0004,109057.85,1.75737,109057.82,0.0056,109057.86,0.04969,109057.81,0.0047,109057.87,0.0001,109057.8,0.0046,109058.0,0.0216
2025-09-26 07:52:04.014000,109057.83,0.0,109057.83,16.66553,109057.82,1.06659,109057.84,1.32866,109057.81,0.0057,109057.85,0.26141,109057.8,0.0047,109057.86,0.04959,109057.76,0.00935,109057.87,0.0
2025-09-26 07:52:05.014000,109057.82,5.10353,109057.83,14.49564,109057.81,0.0057,109057.84,0.0002,109057.76,0.00935,109057.85,0.15612,109055.81,0.08967,109057.86,0.04969,109055.54,0.0,109057.87,0.0001
2025-09-26 07:52:06.014000,109057.82,5.46688,109057.83,14.47205,109043.84,0.0,109057.86,0.04964,109042.63,0.00499,109057.87,0.0001,109037.33,0.0,109059.85,0.0,109037.16,3.54247,109059.86,0.0
2025-09-26 07:52:07.014000,109057.82,5.46875,109057.83,14.55434,109057.81,0.00575,109057.86,0.04964,109055.81,0.08962,109057.87,0.0001,109055.58,0.01826,109058.25,0.0,109054.01,0.40005,109058.26,0.0
2025-09-26 07:52:08.014000,109057.82,5.66761,109057.83,14.21516,109057.81,0.00565,109057.84,0.00082,109055.81,0.08967,109057.86,0.04787,109055.58,0.0,109057.87,0.0,109054.71,0.00182,109059.31,0.0
2025-09-26 07:52:09.014000,109057.82,5.63781,109057.83,14.36608,109056.19,0.00092,109057.84,0.00057,109052.38,0.04586,109059.46,0.00092,109046.36,0.0,109059.91,5e-05,109045.62,0.0007,109060.37,0.04014
2025-09-26 07:52:10.014000,109057.82,5.70352,109057.83,14.28783,109056.72,0.06249,109057.84,0.00042,109055.58,0.01809,109057.86,0.04787,109052.38,0.0,109060.01,0.0001,109046.36,0.04586,109060.02,0.06297
2025-09-26 07:52:11.014000,109057.82,5.11526,109057.83,14.54526,109057.81,0.00575,109057.86,0.04787,109057.76,0.00935,109058.0,0.0,109056.72,0.06259,109058.6,0.0001,109055.81,0.08967,109058.61,0.06675
2025-09-26 07:52:12.014000,109057.82,5.16641,109057.83,13.88739,109052.38,0.04586,109057.84,0.00062,109047.82,0.8,109057.86,0.04782,109046.36,0.0,109057.9,0.0,109045.64,0.0,109057.91,0.0
2025-09-26 07:52:13.014000,109057.82,6.09433,109057.83,11.78146,109057.81,0.00547,109057.84,0.00035,109054.5,0.01796,109057.85,0.06541,109054.11,0.00972,109057.86,0.04787,109054.09,0.0,109057.87,0.0001
2025-09-26 07:52:14.014000,109057.82,6.15749,109057.83,11.77966,109047.87,0.0,109057.84,0.00025,109047.85,2.30363,109057.86,0.04787,109044.14,0.0,109057.87,0.0001,109043.22,0.0,109058.81,5e-05
2025-09-26 07:52:15.014000,109057.82,6.46144,109057.83,6.19751,109057.81,0.0047,109057.84,0.00075,109057.76,0.00935,109057.86,0.04605,109057.18,5e-05,109057.87,0.0,109057.01,0.0001,109060.45,0.0
2025-09-26 07:52:16.014000,109057.82,6.4594,109057.83,3.92837,109057.03,0.0001,109057.84,0.00065,109057.02,0.0001,109057.86,0.04605,109057.01,5e-05,109059.45,0.0131,109056.73,0.0,109060.24,0.0001
2025-09-26 07:52:17.014000,109068.99,6.96975,109057.83,0.0,109068.98,0.0,109057.84,0.0,109068.92,0.0001,109057.85,0.0,109068.74,0.0,109057.86,0.0,109068.73,0.0,109057.93,0.0
2025-09-26 07:52:18.014000,109068.99,6.17549,109069.0,4.27063,109068.28,0.0001,109069.01,0.00085,109068.27,0.0,109069.39,0.0339,109067.57,5e-05,109069.4,0.0001,109065.65,0.0001,109072.46,5e-05
2025-09-26 07:52:19.014000,109068.99,4.60605,109069.0,3.96973,109068.98,0.0001,109069.01,0.00095,109068.49,0.0001,109069.39,0.0339,109068.48,0.00192,109069.4,0.0001,109068.47,0.0001,109072.44,0.0001
2025-09-26 07:52:20.014000,109068.99,5.81755,109069.0,2.59401,109068.98,0.0003,109069.01,0.00075,109068.97,0.0,109069.39,0.0339,109068.18,0.0001,109069.4,0.0001,109062.38,5e-05,109071.3,0.0001
2025-09-26 07:52:21.014000,109068.99,5.54384,109069.0,3.33134,109068.98,0.0003,109069.01,0.0008,109068.97,0.0,109070.71,0.0,109068.18,0.0001,109071.31,0.04038,109064.0,0.00027,109072.29,0.0001
2025-09-26 07:52:22.014000,109068.99,4.30631,109069.0,5.8722,109068.98,0.0003,109074.14,0.04604,109068.97,0.0,109074.15,0.03672,109068.92,0.0016,109076.15,0.0,109068.91,0.0001,109077.75,0.0689
2025-09-26 07:52:23.014000,109068.99,3.01498,109069.0,4.18096,109068.98,0.00025,109069.01,0.0009,109068.97,0.0,109069.02,0.0001,109068.48,0.00315,109069.13,0.0,109068.47,0.0001,109069.14,0.0
2025-09-26 07:52:24.014000,109068.99,3.0314,109069.0,4.53113,109068.98,0.00055,109069.01,0.00095,109068.97,0.0047,109069.52,0.09519,109068.96,0.0047,109071.29,0.0131,109068.95,0.0046,109072.8,0.01414
2025-09-26 07:52:25.014000,109068.99,1.42269,109069.0,6.10386,109068.49,0.0001,109069.01,0.00085,109068.21,0.0,109069.39,0.0339,109067.77,0.0001,109069.4,0.0001,109066.46,0.0,109069.5,0.0001
2025-09-26 07:52:26.014000,109068.99,1.78687,109069.0,6.13273,109068.98,0.0091,109069.01,0.0008,109065.6,0.32987,109069.51,0.13102,109064.21,0.09868,109070.99,0.0,109062.37,0.34826,109071.31,0.04023
2025-09-26 07:52:27.014000,109068.99,1.52925,109069.0,6.3498,109068.98,0.0093,109069.01,0.0008,109068.96,0.0046,109069.51,0.06695,109062.37,0.3024,109069.52,0.15775,109059.0,0.42155,109070.0,0.0216
2025-09-26 07:52:28.014000,109068.99,1.76934,109069.0,6.29881,109062.37,0.34826,109069.01,0.0008,109059.45,0.30241,109069.52,0.09509,109059.02,0.0001,109069.87,0.0,109059.0,0.82155,109069.88,0.0
2025-09-26 07:52:29.014000,109068.99,2.15779,109069.0,6.26192,109068.98,0.00055,109069.01,0.00075,109068.96,0.0047,109069.39,0.0339,109068.92,0.00615,109069.4,0.0001,109067.9,0.0001,109069.5,0.0
2025-09-26 07:52:30.014000,109068.99,0.0,109055.39,23.66684,109068.98,0.0,109055.4,0.0001,109068.97,0.0,109055.5,0.0001,109068.96,0.0,109055.51,0.02381,109068.95,0.0,109055.52,0.0001
2025-09-26 07:52:31.014000,109055.38,0.95795,109055.39,22.85802,109055.37,0.0097,109055.47,0.0001,109055.31,0.0001,109055.51,0.02381,109055.0,0.0,109055.52,0.0001,109054.12,0.0,109055.62,0.0001
2025-09-26 07:52:32.014000,109055.38,1.31598,109055.39,21.82981,109055.37,0.0097,109055.41,0.01833,109055.36,0.0001,109057.0,0.02155,109055.0,0.0001,109057.06,0.0001,109054.96,0.06354,109057.07,0.42641
2025-09-26 07:52:33.014000,109055.38,1.55679,109055.39,18.98511,109055.37,0.00105,109055.4,0.0005,109055.36,0.0001,109055.41,0.0002,109055.35,0.10053,109055.42,0.0001,109055.34,0.0001,109055.51,0.02381
2025-09-26 07:52:34.014000,109055.38,1.29501,109055.39,19.19004,109055.37,0.0008,109055.4,0.0001,109055.36,0.0001,109055.41,0.0,109055.35,0.0,109055.42,0.0,109055.34,0.0,109055.52,0.0001
2025-09-26 07:52:35.014000,109055.38,1.34394,109055.39,19.15323,109055.37,0.00085,109072.26,0.0,109054.83,0.0,109073.06,0.32975,109052.93,0.0,109074.68,0.0,109051.75,0.32986,109082.9,0.32972
2025-09-26 07:52:36.014000,109055.38,0.11122,109055.39,19.85041,109055.36,0.00028,109058.99,0.0,109055.35,0.0,109060.84,0.00045,109055.0,0.0,109065.11,0.30229,109054.21,0.0001,109067.75,0.0
2025-09-26 07:52:37.014000,109055.38,0.0,109054.0,21.13711,109055.37,0.0,109054.01,0.02462,109055.36,0.0,109054.02,0.03177,109055.35,0.0,109054.03,0.0001,109055.31,0.0,109054.04,0.0
2025-09-26 07:52:38.014000,109053.99,0.0,109045.4,20.91551,109053.98,0.0,109045.41,0.00927,109053.97,0.0,109045.72,5e-05,109053.44,0.0,109045.99,0.0001,109053.36,0.0,109046.0,0.0217
2025-09-26 07:52:39.014000,109045.39,1.2817,109045.4,23.43687,109045.38,0.00095,109045.41,0.0001,109045.32,0.0001,109045.42,0.0,109045.0,0.0001,109045.48,0.0001,109044.61,0.0,109046.0,0.0002
2025-09-26 07:52:40.014000,109045.39,0.96276,109045.4,23.67897,109045.38,0.00395,109045.41,0.0001,109045.05,0.0,109045.99,0.0,109045.0,0.0,109046.0,0.0,109044.21,0.0,109046.01,0.0
2025-09-26 07:52:41.014000,109045.39,0.71604,109045.4,23.90679,109045.38,0.0041,109045.41,0.0001,109045.0,0.0,109046.31,0.0,109044.99,0.0002,109046.32,0.0,109044.48,0.0,109046.33,0.0
2025-09-26 07:52:42.014000,109045.39,0.92147,109045.4,23.68322,109045.38,0.00405,109046.57,0.06186,109045.23,0.00366,109046.58,0.0001,109045.22,0.00132,109046.81,0.0,109045.0,0.0001,109046.82,0.0
2025-09-26 07:52:43.014000,109045.39,1.92376,109045.4,22.19117,109044.5,0.0,109045.41,0.0001,109042.7,0.0,109045.96,0.0,109032.23,0.00499,109045.97,0.0,109030.71,0.0,109045.98,0.0
2025-09-26 07:52:44.014000,109045.39,5.11941,109045.4,20.24142,109045.38,0.0037,109045.41,0.00075,109044.73,0.0,109045.42,0.0001,109044.43,5e-05,109045.72,0.0,109044.29,0.06409,109046.05,0.0
2025-09-26 07:52:45.014000,109045.39,5.23685,109045.4,16.88614,109045.38,0.00045,109045.41,0.00441,109041.9,0.0,109045.42,0.0001,109028.49,0.09171,109046.84,0.0,109028.44,0.0,109047.01,0.0001
2025-09-26 07:52:46.014000,109045.39,5.32394,109045.4,16.57567,109030.43,0.0,109045.41,0.00441,109030.3,1.19492,109048.11,0.0,109029.22,0.00499,109048.88,0.49772,109028.49,0.0,109049.21,0.0
2025-09-26 07:52:47.014000,109045.39,5.32744,109045.4,16.65525,109045.38,0.0006,109045.41,0.0007,109045.37,0.00152,109047.28,0.0986,109030.31,0.15,109049.96,0.00182,109027.92,0.0,109053.72,0.0
2025-09-26 07:52:48.014000,109045.39,5.32728,109045.4,16.52979,109027.52,0.0,109045.41,0.00075,109027.08,0.0,109051.63,0.00458,109026.91,0.09171,109053.97,0.0,109026.86,0.0,109054.99,0.0001
2025-09-26 07:52:49.014000,109045.39,5.54621,109045.4,15.9696,109032.34,0.0007,109047.28,0.0002,109031.23,0.00499,109051.63,0.0,109029.22,0.0,109052.68,0.00458,109028.49,0.0,109054.99,0.0001
2025-09-26 07:52:50.014000,109045.39,6.54687,109045.4,14.9748,109045.38,5e-05,109045.41,0.001,109045.02,0.0001,109045.42,0.0001,109045.01,0.0001,109047.01,0.0,109045.0,0.0215,109047.02,0.0
2025-09-26 07:52:51.014000,109045.39,6.5091,109045.4,15.20945,109045.38,0.0,109045.41,0.0008,109045.01,0.0,109047.86,0.03611,109045.0,0.0,109048.65,0.0001,109044.47,0.0001,109048.66,0.08377
2025-09-26 07:52:52.014000,109045.39,5.8016,109045.4,15.18005,109042.42,5e-05,109045.41,0.00085,109040.96,0.04023,109048.66,0.08377,109035.39,0.8,109049.94,0.0001,109031.82,0.0,109049.95,0.09005
2025-09-26 07:52:53.014000,109045.39,5.99882,109045.4,14.87722,109042.22,0.0,109045.41,0.0008,109041.33,0.0,109045.42,0.0001,109040.96,0.0,109046.45,0.0001,109040.9,0.0001,109046.46,0.08025
2025-09-26 07:52:54.014000,109045.39,5.97082,109045.4,14.85812,109031.95,0.0,109045.41,0.0008,109031.14,0.09171,109045.42,0.0001,109031.11,0.0,109045.68,0.0001,109031.01,0.0,109045.69,0.04042
2025-09-26 07:52:55.014000,109045.39,6.01087,109045.4,10.97122,109045.01,0.0001,109045.41,0.00085,109045.0,0.0215,109045.42,0.0001,109044.47,5e-05,109045.68,0.0,109044.43,0.0,109045.69,0.0
2025-09-26 07:52:56.014000,109045.39,6.02783,109045.4,11.79653,109043.52,0.0,109045.41,0.00095,109042.42,0.0,109047.81,0.0001,109033.65,0.15,109047.86,0.03611,109032.98,0.18344,109048.0,0.0
2025-09-26 07:52:57.014000,109069.59,16.07493,109045.4,0.0,109069.53,0.0,109045.41,0.0,109069.27,0.0,109045.42,0.0,109069.26,0.0,109045.48,0.0,109069.25,0.0,109045.69,0.0
2025-09-26 07:52:58.014000,109069.59,14.17489,109069.6,3.70221,109067.57,5e-05,109069.61,0.0009,109067.35,0.0001,109070.84,5e-05,109066.47,0.0,109072.8,0.01419,109066.43,0.0001,109074.81,0.0
2025-09-26 07:52:59.014000,109069.59,12.06349,109069.6,5.37089,109069.53,0.04051,109069.61,0.00115,109069.51,0.0001,109069.62,0.06685,109068.64,0.0,109069.63,0.0001,109067.97,0.0001,109069.68,0.03625
2025-09-26 07:53:00.014000,109069.59,11.85891,109069.6,6.3498,109069.58,0.00025,109069.61,0.00105,109069.01,0.0001,109069.62,0.0001,109069.0,0.00051,109069.63,0.0,109068.37,0.0,109069.68,0.03635
2025-09-26 07:53:01.014000,109069.59,12.29039,109069.6,4.46645,109060.0,0.02252,109069.61,0.0009,109059.02,5e-05,109070.33,0.04518,109058.72,0.15,109070.34,0.0097,109056.58,0.0,109071.68,0.0001
2025-09-26 07:53:02.014000,109069.59,12.24424,109069.6,4.31582,109067.34,0.00088,109069.61,0.0008,109066.46,0.00069,109069.98,0.04498,109064.13,0.0,109070.33,0.0002,109061.75,5e-05,109072.8,0.01419
2025-09-26 07:53:03.014000,109069.59,12.1591,109069.6,4.23771,109069.58,0.0003,109069.61,0.00146,109066.75,0.00182,109069.68,0.03635,109064.47,5e-05,109069.69,0.0001,109064.13,0.04586,109069.97,0.0001
2025-09-26 07:53:04.014000,109069.59,12.31305,109069.6,3.26361,109064.13,0.0,109074.96,0.62005,109058.72,0.15,109075.05,0.0,109056.72,6e-05,109077.37,0.0667,109054.43,0.0,109077.93,0.0
2025-09-26 07:53:05.014000,109069.59,12.28083,109069.6,3.02181,109064.13,0.04586,109069.61,0.00141,109058.72,0.15,109069.68,0.03635,109054.37,0.0,109069.69,0.0001,109054.34,0.09169,109069.82,0.0001
2025-09-26 07:53:06.014000,109074.95,10.01196,109069.6,0.0,109074.94,0.00025,109069.61,0.0,109074.92,0.0,109069.62,0.0,109074.91,0.0025,109069.67,0.0,109074.88,0.0001,109069.68,0.0
2025-09-26 07:53:07.014000,109074.95,3.50764,109074.96,6.19437,109074.94,0.00055,109074.97,0.00045,109074.02,0.0001,109074.98,0.0001,109074.01,0.0,109075.0,0.0001,109074.0,0.0,109075.01,0.06685
2025-09-26 07:53:08.014000,109074.95,3.59328,109074.96,5.85553,109074.94,0.0005,109074.97,0.0004,109071.94,5e-05,109074.98,0.0001,109071.25,0.08557,109075.0,0.0,109069.59,0.1097,109075.01,0.0
2025-09-26 07:53:09.014000,109074.95,6.37537,109074.96,5.67365,109074.93,0.0001,109076.59,0.0,109074.91,0.0026,109077.4,5e-05,109074.9,0.0001,109078.49,0.0,109074.07,0.09684,109080.24,0.03672
2025-09-26 07:53:10.014000,109074.95,6.32607,109074.96,5.62416,109074.94,0.0005,109074.97,0.0005,109074.91,0.0026,109075.63,0.07738,109074.9,0.0001,109076.24,0.0001,109074.08,0.0001,109076.25,0.04027
2025-09-26 07:53:11.014000,109074.95,6.52244,109074.96,5.17505,109074.94,0.00555,109074.97,0.00045,109074.93,0.0047,109076.28,0.0,109074.92,0.0046,109076.5,0.0101,109074.91,0.0071,109077.39,0.0
2025-09-26 07:53:12.014000,109074.95,6.62528,109074.96,3.60562,109074.94,0.0055,109074.97,0.0003,109071.34,0.06665,109075.49,0.00192,109069.59,0.1097,109075.5,0.0001,109065.39,1.27872,109075.62,0.0
2025-09-26 07:53:13.014000,109074.95,6.6302,109074.96,1.21742,109074.94,0.0047,109074.97,0.00065,109074.08,0.0002,109075.21,5e-05,109074.01,5e-05,109075.83,0.0,109074.0,0.0215,109076.5,0.0
2025-09-26 07:53:14.014000,109074.95,6.60494,109074.96,1.25202,109074.94,0.0048,109074.97,0.00055,109069.5,0.00027,109075.21,0.0,109065.89,0.0002,109079.15,0.0,109063.63,0.0,109079.67,0.0
2025-09-26 07:53:15.014000,109078.57,11.84128,109074.96,0.0,109078.56,0.0001,109074.97,0.0,109078.55,0.0,109074.98,0.0,109078.53,0.04019,109074.99,0.0,109078.52,0.0001,109075.04,0.0
2025-09-26 07:53:16.014000,109089.36,15.07458,109078.58,0.0,109089.35,0.0001,109078.59,0.0,109089.3,0.0,109078.6,0.0,109088.17,0.0001,109078.61,0.0,109088.16,0.00079,109079.59,0.0
2025-09-26 07:53:17.014000,109089.36,11.68658,109089.37,4.84492,109089.29,0.0001,109089.38,0.00055,109086.16,5e-05,109089.45,0.0001,109085.06,0.0,109089.47,0.6202,109083.9,0.04586,109089.91,0.00904
2025-09-26 07:53:18.014000,109089.36,11.76069,109089.37,4.24389,109089.35,0.00055,109089.38,0.04663,109089.34,0.0001,109089.47,0.6202,109086.86,0.0,109089.65,0.00409,109081.09,0.02289,109089.74,0.0
2025-09-26 07:53:19.014000,109089.36,11.73215,109089.37,4.26481,109083.9,0.04586,109089.38,0.04668,109083.56,5e-05,109091.72,0.0796,109079.68,6e-05,109091.97,0.0,109078.11,5e-05,109092.08,0.0
2025-09-26 07:53:20.014000,109089.36,5.31967,109089.37,4.58688,109089.35,0.00045,109089.38,0.04673,109087.74,0.0,109089.47,0.6202,109083.92,0.0,109089.91,0.00904,109083.9,0.04586,109090.1,0.0001
2025-09-26 07:53:21.014000,109089.36,4.07466,109089.37,4.77297,109089.35,0.0004,109101.58,0.15,109083.9,0.04586,109101.79,0.13758,109083.0,0.0,109102.32,0.0,109080.83,0.35267,109104.27,0.0
2025-09-26 07:53:22.014000,109089.36,4.48769,109089.37,4.41346,109088.23,0.0001,109089.38,0.0509,109088.22,0.0001,109091.6,0.0001,109088.21,0.0,109091.78,0.0,109088.2,0.0,109100.71,0.0
2025-09-26 07:53:23.014000,109089.36,6.25678,109089.37,3.73308,109088.33,0.0001,109089.38,0.05095,109088.32,0.0001,109089.47,0.6202,109088.31,0.0,109089.91,0.00904,109088.3,0.0,109090.1,0.0
2025-09-26 07:53:24.014000,109089.36,5.61782,109089.37,3.88628,109088.41,0.0001,109089.38,0.04663,109088.4,0.0001,109092.76,0.00625,109088.39,0.0,109092.93,0.0,109088.38,0.0,109093.27,0.0
2025-09-26 07:53:25.014000,109089.36,5.01868,109089.37,4.70267,109089.35,0.0004,109089.38,0.04688,109086.87,0.32981,109089.47,0.6202,109084.69,0.0,109089.48,0.0001,109084.04,0.32982,109089.53,0.00537
2025-09-26 07:53:26.014000,109089.36,2.67209,109089.37,5.1529,109089.35,0.00119,109089.38,0.04693,109088.41,0.0,109089.46,0.0001,109088.4,0.0,109089.55,0.0001,109088.34,0.0,109089.56,0.06675
2025-09-26 07:53:27.014000,109089.36,1.52135,109089.37,5.90358,109089.35,0.03982,109089.46,0.0,109088.17,0.0,109089.55,0.0,109086.89,0.0,109091.3,0.0,109086.22,0.0,109091.71,0.0
2025-09-26 07:53:28.014000,109089.36,1.82095,109089.37,4.93585,109089.35,0.00798,109089.38,0.04693,109086.87,0.32981,109089.46,0.0001,109086.16,5e-05,109089.55,0.0001,109084.21,0.0002,109091.3,0.0001
2025-09-26 07:53:29.014000,109089.36,9.75261,109089.37,4.59852,109089.35,0.00798,109089.38,0.04688,109088.17,0.0002,109089.56,0.06675,109088.15,0.0001,109089.91,0.00904,109087.61,0.11356,109090.0,0.0
2025-09-26 07:53:30.014000,109089.36,3.69801,109089.37,4.68493,109089.35,0.00803,109089.38,0.04698,109089.34,0.0001,109089.47,0.6202,109089.23,0.0,109089.53,0.00537,109088.27,0.0002,109089.55,0.0
2025-09-26 07:53:31.014000,109089.36,5.71668,109089.37,2.32611,109089.35,0.02049,109089.38,0.04965,109089.34,0.0047,109089.47,0.6202,109089.33,0.0046,109089.53,0.00537,109089.31,0.0046,109089.74,0.0
2025-09-26 07:53:32.014000,109089.36,5.92147,109089.37,2.72294,109089.35,0.02049,109089.38,0.05394,109079.36,0.4,109089.47,0.6202,109076.32,0.06665,109089.53,0.00537,109075.82,0.46397,109089.64,0.0
2025-09-26 07:53:33.015000,109089.36,6.33556,109089.37,3.12807,109089.35,0.0155,109089.38,0.06532,109078.53,0.00182,109089.47,0.6202,109076.32,0.0,109089.53,0.00537,109062.57,0.1306,109089.55,0.0
2025-09-26 07:53:34.014000,109089.36,6.30831,109089.37,2.92262,109089.35,0.02291,109089.38,0.06522,109062.73,0.053,109089.47,0.6202,109062.67,0.053,109089.53,0.00537,109061.76,0.0,109089.62,0.0
2025-09-26 07:53:35.014000,109089.36,6.32893,109089.37,3.19285,109089.35,0.0225,109089.38,0.06517,109068.31,0.053,109089.47,0.6202,109061.61,0.0,109089.53,0.00537,109061.59,0.0,109089.78,0.0001
2025-09-26 07:53:36.014000,109089.36,3.78392,109089.37,5.64453,109089.35,0.01843,109089.38,0.06527,109088.27,0.0002,109091.31,0.04005,109086.52,0.01861,109091.35,0.06326,109084.21,0.0,109091.72,0.07955
2025-09-26 07:53:37.014000,109089.36,5.69066,109089.37,1.99916,109089.35,0.01303,109089.38,0.06497,109075.25,0.45898,109089.47,0.6202,109075.24,1.27872,109089.53,0.00537,109073.69,0.5,109089.78,0.0
2025-09-26 07:53:38.014000,109089.36,6.09364,109089.37,0.52303,109089.35,0.01843,109089.38,0.06492,109087.74,5e-05,109089.47,0.6202,109084.05,0.0,109089.48,0.0001,109082.32,0.0001,109089.53,0.0
2025-09-26 07:53:39.014000,109090.41,16.02637,109089.37,0.0,109090.4,0.0,109089.38,0.0,109090.39,0.0001,109089.39,0.0,109090.35,0.0,109089.45,0.0,109090.0,0.0216,109089.46,0.0
2025-09-26 07:53:40.014000,109090.43,16.95977,109090.42,0.0,109090.42,0.0001,109090.43,0.0,109090.41,0.20109,109090.44,0.21256,109090.4,0.0001,109090.45,0.00095,109090.39,0.0,109090.46,0.0001
2025-09-26 07:53:41.014000,109090.44,16.31739,109090.44,0.0,109090.43,1.3149,109090.45,0.192,109090.36,0.0001,109090.46,0.0009,109090.0,0.02445,109090.47,0.0001,109089.99,0.0,109090.52,0.0
2025-09-26 07:53:42.014000,109099.17,7.86364,109090.45,0.0,109099.16,0.09826,109090.46,0.0,109099.15,0.19871,109090.47,0.0,109099.14,0.0001,109090.84,0.0,109099.09,0.0,109090.85,0.0
2025-09-26 07:53:43.014000,109099.17,4.47551,109099.18,5.20546,109099.16,0.00035,109099.19,0.00512,109099.15,0.11426,109099.26,0.0001,109099.14,0.0001,109099.53,0.0,109099.1,0.0001,109099.88,0.0
2025-09-26 07:53:44.014000,109099.17,5.84627,109099.18,3.87314,109099.16,0.01957,109099.19,0.00507,109099.15,0.11426,109100.18,0.0601,109099.14,0.0001,109100.72,0.0,109096.88,0.0,109100.76,0.0
2025-09-26 07:53:45.014000,109099.17,5.90792,109099.18,3.9134,109099.16,0.01967,109099.19,0.00507,109099.15,0.11426,109099.58,0.0,109099.14,0.0001,109099.81,0.0,109098.13,0.0001,109100.18,0.0601
2025-09-26 07:53:46.014000,109099.17,5.90808,109099.18,0.96671,109099.16,0.01982,109099.19,0.00492,109098.21,0.0002,109099.52,0.0,109098.2,0.0,109100.0,0.47487,109098.19,0.0,109100.01,0.0001
2025-09-26 07:53:47.014000,109099.17,6.04196,109099.18,0.63846,109099.16,0.01982,109099.19,0.00497,109095.16,0.02289,109099.2,0.0001,109093.82,0.0,109099.82,0.0001,109089.91,0.06665,109099.83,0.04026
2025-09-26 07:53:48.014000,109099.17,5.92752,109099.18,0.70385,109099.16,0.01997,109099.19,0.00492,109099.15,0.11431,109099.2,0.0001,109098.07,0.06366,109099.82,0.0,109098.0,0.00182,109099.83,0.0
2025-09-26 07:53:49.014000,109099.17,6.1966,109099.18,0.77646,109099.16,0.01992,109101.45,5e-05,109098.07,0.06366,109102.55,0.0,109097.4,0.0,109108.39,0.00454,109092.0,0.02155,109108.79,0.0
2025-09-26 07:53:50.014000,109099.17,6.13927,109099.18,0.8565,109099.16,0.01997,109099.19,0.00065,109098.07,0.06366,109099.27,5e-05,109097.0,0.02155,109100.18,0.6202,109096.0,0.0,109101.1,0.08892
2025-09-26 07:53:51.014000,109099.17,6.13144,109099.18,1.78519,109099.16,0.02535,109099.19,0.00075,109099.15,0.11891,109103.44,0.10605,109089.95,0.00044,109103.67,5e-05,109076.08,0.0,109104.33,0.18344
2025-09-26 07:53:52.014000,109099.17,5.1823,109099.18,5.47609,109099.16,0.02749,109099.19,0.00085,109099.15,0.12351,109099.2,0.0001,109099.14,0.0046,109099.27,0.0,109099.12,0.00925,109099.57,0.00512
2025-09-26 07:53:53.014000,109099.17,6.48232,109099.18,3.4238,109099.16,0.02601,109099.19,0.0008,109098.21,0.0,109099.57,0.00512,109098.08,0.0002,109099.58,0.0001,109096.61,0.0,109099.98,0.0001
2025-09-26 07:53:54.014000,109099.17,6.02308,109099.18,3.35783,109099.16,0.02545,109099.19,0.0009,109098.08,0.0,109099.42,0.0,109096.61,0.0002,109099.57,0.00512,109086.67,0.00331,109099.58,0.0001
2025-09-26 07:53:55.014000,109099.17,6.03091,109099.18,3.32648,109099.16,0.02613,109099.19,0.00085,109098.08,0.0002,109099.33,0.06141,109098.01,0.0,109099.57,0.00512,109096.61,0.0,109099.58,0.0001
2025-09-26 07:53:56.014000,109099.17,3.5303,109099.18,5.48566,109099.16,0.0254,109099.19,0.00085,109099.15,0.00935,109099.2,0.0001,109098.08,0.00025,109099.32,0.0001,109098.07,0.06371,109099.33,0.06161
2025-09-26 07:53:57.014000,109099.17,4.40001,109099.18,5.58755,109099.16,0.02603,109099.19,0.0008,109098.07,0.06371,109099.2,0.0001,109096.87,0.0,109099.27,0.0,109096.0,0.0,109099.32,0.0
2025-09-26 07:53:58.014000,109099.17,6.41083,109099.18,4.41709,109099.16,0.0243,109099.19,0.00075,109099.1,0.00935,109100.0,0.47487,109098.08,0.0,109100.02,0.0,109098.07,0.0,109100.03,0.0
2025-09-26 07:53:59.014000,109099.17,5.52411,109099.18,5.50328,109099.16,0.02962,109103.0,0.04557,109098.81,0.0,109107.5,0.0,109098.01,0.0002,109108.6,0.06165,109093.81,0.0,109110.06,0.0
2025-09-26 07:54:00.014000,109099.17,0.76838,109099.18,11.09272,109099.16,0.04544,109099.19,0.0001,109099.1,0.00935,109099.2,5e-05,109098.01,0.0,109099.57,0.00512,109098.0,0.0,109099.58,0.0001
2025-09-26 07:54:01.014000,109099.17,0.0,109099.17,26.26137,109099.16,0.03557,109099.18,0.97327,109099.15,0.01025,109099.57,0.00502,109099.14,0.0047,109099.58,0.0,109099.13,0.0001,109099.97,0.0
2025-09-26 07:54:02.014000,109099.16,1.11154,109099.17,25.63637,109099.15,0.0134,109099.18,0.11383,109095.66,0.0,109101.69,0.0,109095.45,0.0002,109103.73,0.0,109093.66,0.0,109105.52,0.30218
2025-09-26 07:54:03.014000,109099.16,1.09201,109099.17,26.05043,109099.15,0.02914,109099.18,0.11369,109095.45,0.0,109102.26,0.00044,109094.92,5e-05,109103.19,0.00044,109093.82,0.0,109103.64,0.30218
2025-09-26 07:54:04.014000,109099.16,1.01301,109099.17,25.22785,109099.15,0.02926,109099.18,0.11369,109099.08,0.0001,109099.57,0.00502,109093.37,0.0,109099.97,0.0,109091.68,0.0002,109099.98,0.0
2025-09-26 07:54:05.014000,109099.16,0.97197,109099.17,25.19545,109099.15,0.02964,109103.41,0.30218,109091.68,0.0002,109105.43,5e-05,109090.45,0.0,109108.04,0.32964,109081.73,0.0916,109109.67,0.0
2025-09-26 07:54:06.014000,109099.16,0.95978,109099.17,24.96652,109099.15,0.02946,109099.98,0.0001,109091.68,0.0,109099.99,0.45928,109090.45,0.0002,109100.27,0.0001,109090.41,0.04586,109100.43,5e-05
2025-09-26 07:54:07.014000,109099.16,0.0,109090.44,10.38558,109099.15,0.0,109090.45,0.06361,109099.14,0.0,109090.52,0.0001,109099.13,0.0,109091.52,0.03658,109099.12,0.0,109091.54,0.06213
2025-09-26 07:54:08.014000,109090.43,0.0,109089.37,6.91556,109090.42,0.0,109089.38,0.00065,109090.41,0.0,109089.39,0.0001,109090.36,0.0,109089.45,0.0001,109090.0,0.0,109089.82,5e-05
2025-09-26 07:54:09.014000,109089.36,1.38789,109089.37,7.07187,109089.16,0.4001,109089.38,0.0006,109087.73,0.00092,109089.39,0.0001,109086.16,5e-05,109089.63,0.0,109085.06,0.0,109089.64,0.0
2025-09-26 07:54:10.014000,109089.36,1.18442,109089.37,7.07183,109088.06,0.0,109097.78,0.3022,109088.05,0.0,109099.49,0.0,109088.04,0.0,109101.16,0.0,109087.22,0.06318,109102.47,0.00499
2025-09-26 07:54:11.014000,109089.36,5.40715,109089.37,3.27026,109089.35,0.01413,109090.0,0.0002,109088.04,0.0001,109091.54,0.0001,109088.03,0.3298,109092.0,5e-05,109087.74,0.0,109093.0,5e-05
2025-09-26 07:54:12.014000,109089.36,5.55049,109089.37,2.74163,109089.35,0.01423,109089.38,0.0003,109089.16,0.40015,109089.39,0.0,109088.63,0.08992,109089.99,0.0,109088.03,0.32975,109090.0,0.0
2025-09-26 07:54:13.014000,109089.36,5.85715,109089.37,2.36924,109089.35,0.01438,109089.38,0.0003,109088.63,0.08992,109089.39,0.0,109088.27,0.0001,109091.53,0.0001,109088.26,0.06244,109092.33,0.04603
2025-09-26 07:54:14.014000,109089.36,5.81898,109089.37,2.36798,109089.16,0.4002,109089.38,0.0003,109088.63,0.08997,109089.39,0.0,109086.96,0.32976,109090.95,0.0,109085.94,0.02295,109090.96,0.0
2025-09-26 07:54:15.014000,109089.36,6.01437,109089.37,3.11232,109089.35,0.01358,109089.38,0.00095,109089.19,0.0001,109089.39,0.0001,109089.17,5e-05,109089.45,0.0001,109089.16,0.4002,109090.41,0.0
2025-09-26 07:54:16.014000,109089.36,5.51839,109089.37,4.21734,109089.35,0.01373,109089.38,0.001,109089.34,0.0047,109089.39,0.0001,109089.33,0.0046,109089.96,0.0001,109089.32,0.0,109089.97,0.04024
2025-09-26 07:54:17.014000,109089.36,6.00326,109089.37,3.15045,109089.35,0.01778,109089.38,0.0009,109089.32,0.0046,109091.52,0.03678,109089.29,0.0047,109091.67,0.00525,109089.28,0.00925,109093.04,0.00182
2025-09-26 07:54:18.014000,109089.36,6.30543,109089.37,1.45041,109088.26,0.06244,109089.38,0.0009,109088.03,0.0,109094.38,0.32005,109084.71,0.01867,109096.29,0.00971,109083.2,0.0,109097.94,0.0
2025-09-26 07:54:19.014000,109089.36,6.27653,109089.37,1.06096,109089.19,5e-05,109089.38,0.00095,109089.17,0.0,109095.29,0.00182,109087.74,0.0667,109102.7,0.06302,109084.71,0.01867,109103.8,0.06337
2025-09-26 07:54:20.014000,109089.36,6.29968,109089.37,1.08146,109089.35,0.01748,109089.38,0.0009,109089.19,5e-05,109089.39,0.0001,109088.26,0.06244,109089.45,0.0001,109087.74,0.06675,109089.96,0.0
2025-09-26 07:54:21.014000,109089.36,6.19286,109089.37,1.556,109089.35,0.02489,109089.38,0.00095,109081.17,0.04586,109093.18,0.04009,109080.71,0.0,109094.04,0.04588,109080.11,0.0,109094.38,0.32005
2025-09-26 07:54:22.014000,109089.36,6.25791,109089.37,0.78888,109089.35,0.02484,109089.38,0.0009,109089.28,0.0092,109092.58,0.2801,109089.19,0.00015,109092.98,0.0111,109089.18,0.80005,109093.0,0.04005
2025-09-26 07:54:23.014000,109092.57,15.39355,109089.37,0.0,109092.56,0.0009,109089.38,0.0,109092.55,0.0001,109089.39,0.0,109092.51,0.0,109089.45,0.0,109092.47,0.0,109089.82,0.0
2025-09-26 07:54:24.014000,109092.57,15.45508,109092.58,1.06171,109092.56,0.02024,109092.59,0.00065,109092.55,0.0001,109092.6,0.0001,109092.01,0.0002,109092.98,0.0,109091.52,0.0001,109092.99,0.0
2025-09-26 07:54:25.014000,109092.57,14.08301,109092.58,1.14594,109083.95,0.0,109092.59,0.00065,109074.38,0.09167,109092.6,0.0001,109073.38,0.0,109093.03,0.0122,109072.59,0.0,109093.05,0.0
2025-09-26 07:54:26.014000,109092.57,14.083,109092.58,1.1582,109092.56,0.0001,109092.59,0.0006,109092.55,0.0,109092.6,0.0001,109091.37,0.0001,109093.03,0.0112,109090.0,0.02165,109093.05,0.0
2025-09-26 07:54:27.014000,109092.57,14.09218,109092.58,0.89285,109092.56,0.01904,109092.59,0.0006,109092.55,0.0001,109092.6,0.0001,109092.5,0.0001,109092.66,0.0001,109091.37,0.0,109093.03,0.0
2025-09-26 07:54:28.014000,109093.36,14.91633,109092.58,0.0,109093.35,0.01904,109092.59,0.0,109093.34,0.0001,109092.6,0.0,109093.31,0.0,109092.66,0.0,109093.3,0.0,109093.04,0.0
2025-09-26 07:54:29.014000,109094.09,16.32337,109093.37,0.0,109094.08,0.0001,109093.38,0.0,109094.07,0.0,109093.39,0.0,109094.03,0.0,109093.8,0.0,109094.0,0.02165,109094.08,0.0
2025-09-26 07:54:30.014000,109094.09,16.32912,109094.1,0.68717,109094.08,0.01954,109094.11,0.00065,109094.07,0.0001,109094.18,0.0001,109094.01,0.0002,109094.89,0.0,109094.0,0.02165,109095.24,0.03008
2025-09-26 07:54:31.014000,109097.65,15.26868,109094.1,0.0,109097.64,0.11343,109094.11,0.0,109097.63,0.0001,109094.12,0.0,109097.59,0.0,109094.18,0.0,109097.46,0.0,109094.99,0.0
2025-09-26 07:54:32.014000,109097.65,14.99514,109097.66,5.05529,109097.64,0.13765,109103.64,0.0,109096.07,0.11768,109106.84,5e-05,109094.48,0.02294,109107.92,0.03666,109094.09,0.30226,109108.53,0.06247
2025-09-26 07:54:33.014000,109097.65,14.97783,109097.66,5.50821,109097.64,0.11338,109097.74,0.0001,109097.58,0.0001,109102.62,0.07337,109084.75,0.09167,109103.64,0.04562,109075.19,0.0,109103.98,0.04583
2025-09-26 07:54:34.014000,109097.65,14.88435,109097.66,5.69341,109097.64,0.13629,109097.67,0.00045,109096.07,0.11768,109100.0,0.47568,109094.48,0.0,109100.25,0.00514,109094.0,0.02155,109100.92,0.0667
2025-09-26 07:54:35.014000,109097.65,14.87929,109097.66,5.39975,109097.64,0.13619,109109.66,0.04583,109097.62,0.0046,109116.39,1.20558,109092.57,0.0,109116.47,0.0,109089.34,0.0,109117.15,0.015
2025-09-26 07:54:36.014000,109097.65,14.42742,109097.66,5.11139,109097.64,0.11333,109097.67,0.0005,109097.63,0.0001,109099.0,0.00168,109097.62,0.0093,109099.01,0.0001,109097.61,0.0001,109099.15,0.0001
2025-09-26 07:54:37.014000,109097.65,14.41831,109097.66,5.37034,109097.64,0.13499,109097.67,0.0005,109097.62,0.01395,109100.0,0.47563,109097.61,0.0001,109100.25,0.0,109097.6,0.0046,109100.36,5e-05
2025-09-26 07:54:38.014000,109097.65,14.30761,109097.66,5.14812,109097.64,0.11333,109097.67,0.00045,109094.09,0.30226,109101.1,0.08887,109094.0,0.0,109101.57,0.0,109093.81,5e-05,109102.62,0.07337
2025-09-26 07:54:39.014000,109097.65,13.60464,109097.66,5.23744,109097.64,0.13367,109102.62,0.07337,109093.95,0.0,109103.11,0.0,109092.0,0.02274,109103.64,0.04562,109088.45,0.00044,109105.84,0.1154
2025-09-26 07:54:40.014000,109097.65,13.57674,109097.66,5.5164,109097.64,0.13372,109097.67,0.0005,109096.02,0.00092,109099.29,0.00102,109094.09,0.30226,109099.3,0.49754,109093.34,0.02289,109099.95,0.03124
2025-09-26 07:54:41.014000,109097.65,13.5762,109097.66,5.56643,109097.64,0.1391,109097.67,0.00055,109094.09,0.30226,109101.1,0.08887,109093.76,0.02289,109101.29,0.0667,109093.34,0.0,109102.62,0.07332
2025-09-26 07:54:42.014000,109097.65,13.62948,109097.66,4.81458,109097.64,0.13372,109097.67,0.0005,109089.37,0.00503,109100.0,0.47563,109089.36,0.80427,109100.95,0.0,109086.22,0.09167,109102.62,0.07337
2025-09-26 07:54:43.014000,109097.65,13.72093,109097.66,3.08906,109097.64,0.15549,109097.67,0.0004,109089.36,0.80427,109099.0,0.00168,109088.58,0.02751,109099.01,0.0001,109086.6,0.0,109099.15,0.0
2025-09-26 07:54:44.014000,109097.65,13.72405,109097.66,2.91431,109087.65,0.8,109105.96,0.0,109085.39,0.0,109105.97,0.0,109085.1,0.0,109106.11,0.02752,109083.38,0.0,109108.53,0.0
2025-09-26 07:54:45.014000,109097.65,8.70168,109097.66,3.06497,109097.64,0.17337,109097.67,0.00045,109094.09,0.30226,109099.0,0.00168,109093.76,0.0,109099.01,0.0001,109089.36,0.85013,109099.15,0.0001
2025-09-26 07:54:46.014000,109097.65,8.60981,109097.66,5.79938,109088.66,0.0,109097.67,0.0005,109088.58,0.02751,109097.68,0.0001,109084.73,0.00499,109098.35,0.0001,109083.5,0.0,109098.36,0.04037
2025-09-26 07:54:47.014000,109097.65,7.51192,109097.66,6.2532,109097.64,0.17196,109103.02,5e-05,109088.45,0.0,109107.1,0.01598,109087.45,0.0,109109.36,0.0,109087.35,0.0,109110.83,5e-05
2025-09-26 07:54:48.014000,109097.65,3.84528,109097.66,6.40585,109097.64,0.16501,109097.67,0.0007,109097.62,0.01395,109097.68,0.0001,109096.55,0.0632,109097.97,0.0,109094.09,0.30221,109097.98,0.0
2025-09-26 07:54:49.014000,109097.65,3.84472,109097.66,6.35774,109097.64,0.16506,109097.67,0.0006,109096.55,0.06325,109097.68,0.0001,109095.38,0.0,109097.71,0.0,109092.11,0.10613,109097.84,0.0
2025-09-26 07:54:50.014000,109097.65,4.23567,109097.66,6.12776,109097.64,0.14442,109097.67,0.00055,109097.62,0.01395,109097.68,0.0001,109097.45,0.0,109098.35,0.0,109096.91,0.0,109098.36,0.0
2025-09-26 07:54:51.014000,109097.65,4.18546,109097.66,6.08773,109097.64,0.14442,109097.67,0.0006,109096.51,0.0,109097.68,0.0001,109096.5,0.0,109097.84,0.0001,109096.49,0.0,109097.85,0.06192
2025-09-26 07:54:52.014000,109097.65,4.18064,109097.66,6.06791,109097.64,0.17321,109097.67,0.0006,109097.03,0.0,109097.68,0.0001,109096.55,0.0,109097.84,0.0,109096.47,0.0,109097.85,0.0
2025-09-26 07:54:53.014000,109097.65,0.0,109092.01,20.97749,109097.64,0.0,109092.02,0.0001,109097.63,0.0,109092.14,0.0,109097.62,0.0,109092.99,0.0001,109097.61,0.0,109093.0,0.0217
2025-09-26 07:54:54.014000,109092.0,0.80083,109092.01,20.51218,109091.99,0.00305,109094.1,0.70936,109090.81,0.0,109095.05,1.27877,109089.44,5e-05,109095.66,0.0,109089.37,0.0004,109095.9,2.47607
2025-09-26 07:54:55.014000,109092.0,0.73722,109092.01,20.28768,109091.99,0.00305,109094.1,0.52592,109091.07,0.0,109094.89,5e-05,109090.81,0.0,109095.0,0.02155,109090.0,0.0,109095.05,0.0
2025-09-26 07:54:56.014000,109092.0,0.69985,109092.01,20.77316,109091.99,0.0123,109092.02,0.00025,109090.0,0.0,109097.06,0.3022,109089.52,6e-05,109098.82,0.0,109089.16,0.4,109100.19,0.16022
2025-09-26 07:54:57.014000,109092.0,0.74963,109092.01,18.96017,109091.99,0.0031,109092.09,0.0001,109091.92,0.0001,109097.06,0.0,109090.81,0.0002,109097.65,0.461,109090.44,0.0,109098.88,0.30219
2025-09-26 07:54:58.014000,109092.0,0.74948,109092.01,18.9014,109091.99,0.00305,109092.99,0.0001,109091.06,0.0,109093.11,0.06143,109090.81,0.0,109094.07,0.0,109089.57,0.0,109094.08,0.0
2025-09-26 07:54:59.014000,109092.0,2.42831,109092.01,19.85844,109091.99,0.00305,109092.02,0.00015,109091.98,0.0001,109092.03,0.0,109091.13,0.0002,109092.99,0.0,109091.12,0.1135,109093.0,0.0
2025-09-26 07:55:00.014000,109092.0,3.26948,109092.01,19.80817,109091.99,0.0031,109093.1,0.02888,109091.12,0.11355,109093.11,0.0001,109090.53,0.0,109093.8,5e-05,109089.36,0.43851,109094.09,0.0001
2025-09-26 07:55:01.014000,109092.0,5.53808,109092.01,20.07575,109091.99,0.00225,109092.02,0.0009,109091.56,5e-05,109092.03,0.0001,109087.74,5e-05,109092.45,0.0,109086.7,0.00182,109093.1,0.02878
2025-09-26 07:55:02.014000,109092.0,4.42853,109092.01,20.21885,109091.99,0.00235,109092.02,0.001,109091.56,0.0,109092.03,0.0001,109091.12,0.11355,109092.1,0.0001,109091.11,0.0001,109092.11,0.06382
2025-09-26 07:55:03.014000,109092.0,5.27876,109092.01,20.1333,109091.99,0.00235,109092.02,0.00085,109084.02,0.02289,109092.03,0.0001,109082.8,0.0,109092.1,0.0,109081.8,0.0,109092.11,0.0
2025-09-26 07:55:04.014000,109092.0,4.37498,109092.01,20.22135,109084.02,0.0,109092.02,0.0009,109081.3,0.02289,109093.29,5e-05,109075.95,0.0,109094.11,0.0,109075.48,0.0,109094.12,0.0
2025-09-26 07:55:05.014000,109092.0,5.41884,109092.01,19.72768,109091.99,0.0024,109092.02,0.0008,109090.9,0.06308,109093.1,0.02878,109090.64,0.09164,109093.28,0.0,109090.04,0.01829,109093.29,0.0
2025-09-26 07:55:06.014000,109092.0,5.31812,109092.01,19.77346,109091.99,0.00849,109092.02,0.0008,109091.98,0.03054,109095.04,0.0401,109091.97,0.0001,109096.0,0.0001,109091.12,0.11345,109096.01,0.04593
2025-09-26 07:55:07.014000,109092.0,5.31766,109092.01,19.65493,109091.99,0.01051,109092.02,0.00075,109090.04,0.01824,109092.03,0.0001,109077.55,0.09168,109092.17,0.0,109077.52,0.0,109092.18,0.0
2025-09-26 07:55:08.014000,109092.0,6.01364,109092.01,18.38369,109091.99,0.00227,109092.02,0.0007,109091.98,0.03059,109095.04,0.0401,109090.04,0.01829,109095.44,0.00187,109089.36,0.24066,109095.86,0.0001
2025-09-26 07:55:09.014000,109092.0,5.98348,109092.01,18.19623,109064.35,0.0,109092.02,0.01401,108939.27,0.22382,109093.1,0.02878,108939.22,0.0,109095.04,0.0401,108939.21,0.0,109097.63,0.0
2025-09-26 07:55:10.014000,109092.0,6.2641,109092.01,1.46374,109091.99,0.00217,109092.02,0.01401,109091.56,5e-05,109092.03,0.0001,109091.13,0.00025,109092.76,0.0,109090.37,0.00092,109092.77,0.0
2025-09-26 07:55:11.014000,109092.0,6.13147,109092.01,2.2077,109089.43,0.0,109092.02,0.01401,109088.83,0.0,109093.38,0.0401,109085.36,0.02289,109094.76,0.0,109082.44,0.053,109094.77,0.0001
2025-09-26 07:55:12.014000,109092.02,7.96321,109092.01,0.0,109092.01,0.04628,109092.02,0.0,109092.0,0.49533,109092.03,0.04215,109091.99,0.00197,109092.04,0.00185,109091.98,0.03049,109092.05,0.0001
2025-09-26 07:55:13.014000,109092.02,7.72038,109092.03,0.05122,109092.01,0.04792,109092.04,0.00175,109092.0,0.49095,109092.05,0.0001,109091.99,0.0001,109092.66,0.00192,109091.98,0.03044,109092.67,0.0001
2025-09-26 07:55:14.014000,109092.65,18.61581,109092.03,0.0,109092.64,0.0001,109092.04,0.0,109092.63,0.0,109092.05,0.0,109092.59,0.0,109092.66,0.08312,109092.58,0.0001,109092.67,0.0009
2025-09-26 07:55:15.014000,109093.07,16.46224,109092.66,0.0,109093.06,0.0001,109092.67,0.0,109093.05,0.0,109092.68,0.0,109093.01,0.0,109092.71,0.0,109093.0,0.0001,109093.08,0.4561
2025-09-26 07:55:16.014000,109093.15,19.62093,109093.08,0.0,109093.14,0.0001,109093.09,0.0,109093.13,0.0,109093.1,0.0,109093.11,0.0001,109093.11,0.0,109093.1,0.30231,109093.16,0.00153
2025-09-26 07:55:17.014000,109094.87,12.82587,109093.16,0.0,109094.86,0.0005,109093.17,0.0,109094.85,0.0001,109093.18,0.0,109094.81,0.0,109093.37,0.0,109094.79,0.0001,109093.38,0.0
2025-09-26 07:55:18.014000,109094.89,11.69581,109094.88,0.0,109094.88,0.0005,109094.89,0.0,109094.87,0.11471,109094.9,0.54188,109094.86,0.00178,109094.91,0.00195,109094.85,0.0001,109094.92,0.0001
2025-09-26 07:55:19.014000,109094.89,10.298,109094.9,0.72721,109094.88,0.00035,109094.91,0.00185,109094.87,0.11,109098.17,5e-05,109094.86,0.0001,109101.99,0.0,109094.85,0.0,109102.3,0.02751
2025-09-26 07:55:20.014000,109096.34,12.66433,109094.9,0.0,109096.33,0.00238,109094.91,0.0,109096.32,0.0001,109094.92,0.0,109096.28,0.0,109094.98,0.0,109096.27,0.0,109095.44,0.0
2025-09-26 07:55:21.014000,109096.34,12.66436,109096.35,2.42213,109096.33,0.00223,109096.36,0.0009,109095.44,0.30225,109096.73,0.03133,109075.29,0.09167,109096.74,0.0001,109073.59,0.0,109097.15,0.0001
2025-09-26 07:55:22.014000,109096.34,12.66377,109096.35,2.06237,109082.02,0.00457,109096.36,0.00095,109079.14,0.0,109103.55,0.00625,109068.61,0.01308,109105.86,0.0,109068.6,0.0,109109.65,0.30216
2025-09-26 07:55:23.014000,109096.34,13.0527,109096.35,2.58968,109093.52,0.0001,109096.36,0.00474,109089.36,0.0198,109097.16,0.0401,109088.47,0.0,109102.9,0.0,109083.4,0.15,109102.91,0.02752
2025-09-26 07:55:24.014000,109096.34,13.04647,109096.35,3.00432,109096.33,0.00055,109096.36,0.00469,109095.44,0.30235,109096.73,0.03133,109094.87,0.1098,109096.74,0.0001,109086.35,0.4,109096.98,0.0001
2025-09-26 07:55:25.014000,109096.34,12.47108,109096.35,3.20741,109096.33,0.00199,109096.36,0.00449,109095.98,0.10469,109097.08,0.0,109095.44,0.30225,109097.67,0.0459,109092.01,0.04766,109099.0,0.00158
2025-09-26 07:55:26.014000,109096.34,12.56357,109096.35,3.20746,109093.17,0.02289,109097.67,0.0459,109087.83,0.0,109099.15,5e-05,109085.6,0.09167,109099.16,0.45908,109085.19,0.0,109101.67,0.00916
2025-09-26 07:55:27.014000,109096.34,12.56365,109096.35,2.89511,109096.33,0.00199,109108.36,0.0,109093.17,0.0,109108.49,0.0,109093.07,0.00018,109109.29,0.0,109085.6,0.0,109109.42,0.0
2025-09-26 07:55:28.014000,109096.34,12.86335,109096.35,2.67543,109096.33,0.00144,109103.44,0.00032,109095.98,0.10469,109106.29,0.04554,109095.97,0.0001,109108.27,0.00069,109095.45,0.0,109109.5,0.0
2025-09-26 07:55:29.015000,109096.34,12.86301,109096.35,2.73035,109093.15,0.0,109096.36,0.00444,109084.35,0.09167,109096.99,0.03676,109084.06,0.0,109097.08,5e-05,109083.97,0.0,109097.15,0.0
2025-09-26 07:55:30.014000,109096.34,12.29005,109096.35,4.90293,109096.33,0.0001,109096.36,0.00459,109096.32,0.0,109097.08,0.0,109095.14,0.0001,109097.26,0.00027,109094.87,0.1099,109098.17,0.0
2025-09-26 07:55:31.014000,109096.34,12.23556,109096.35,3.00265,109096.33,0.0013,109096.36,0.00454,109096.32,0.0001,109097.08,5e-05,109096.02,0.0,109099.18,0.0393,109096.0,0.0001,109099.42,0.0
2025-09-26 07:55:32.014000,109096.34,12.23468,109096.35,2.55841,109089.36,0.0,109110.83,5e-05,109084.1,0.09167,109111.33,0.0,109083.4,0.15,109116.73,0.15,109079.7,0.0,109423.63,0.0006
2025-09-26 07:55:33.014000,109096.34,12.23471,109096.35,2.5576,109090.47,0.02289,109096.36,0.00449,109086.36,0.0,109101.67,0.00921,109086.35,0.8,109101.68,0.0,109084.1,0.0,109102.78,0.0
2025-09-26 07:55:34.014000,109096.34,12.37537,109096.35,3.27285,109082.02,0.0,109096.36,0.00449,109078.25,0.00457,109101.67,0.00921,109076.29,0.0,109103.06,0.00075,109053.21,1.18933,109104.16,0.06136
2025-09-26 07:55:35.014000,109096.34,12.36964,109096.35,2.51584,109096.33,0.00135,109110.6,0.0,109094.89,0.0,109110.84,0.30216,109093.79,0.09159,109112.64,0.0,109089.19,0.02752,109115.08,0.0
2025-09-26 07:55:36.014000,109096.34,12.36942,109096.35,3.07756,109096.33,0.0013,109103.55,0.0,109093.79,0.0,109108.35,0.0,109092.02,0.0,109108.93,0.30217,109082.01,0.8,109110.84,0.0
2025-09-26 07:55:37.014000,109096.34,12.37864,109096.35,3.24156,109083.47,0.09167,109106.29,0.0,109072.59,0.0,109108.28,0.00069,108946.6,0.00181,109108.36,0.0,108938.12,0.0,109108.79,0.0007
2025-09-26 07:55:38.014000,109096.34,12.57646,109096.35,2.54134,109094.08,0.0001,109096.36,0.00439,109093.52,0.0,109096.37,0.0001,109092.0,0.28387,109096.6,0.0,109083.47,0.0,109096.61,0.0
2025-09-26 07:55:39.014000,109096.34,12.57602,109096.35,3.03783,109079.84,0.08,109096.36,0.00449,109079.7,0.15,109096.37,0.0001,109078.71,0.08,109096.7,0.0001,109078.26,0.0,109096.71,0.0172
2025-09-26 07:55:40.014000,109096.34,12.54961,109096.35,2.91063,109096.33,0.00123,109096.36,0.00449,109096.32,0.0001,109096.37,0.0001,109096.0,0.00478,109096.7,0.0001,109095.99,0.0002,109096.71,0.0162
2025-09-26 07:55:41.014000,109096.34,12.12782,109096.35,2.87576,109095.98,0.10469,109096.36,0.00454,109094.87,0.1099,109096.37,0.0001,109093.1,0.30231,109096.7,0.0,109093.06,0.01968,109096.71,0.0
2025-09-26 07:55:42.014000,109096.34,11.37562,109096.35,2.57426,109096.33,0.00122,109096.36,0.00449,109096.32,0.0001,109096.37,0.0001,109095.98,0.10469,109096.71,0.0,109095.97,0.0,109096.72,0.0001
2025-09-26 07:55:43.014000,109096.34,11.32423,109096.35,2.67403,109085.23,0.09167,109108.28,0.0007,109079.38,0.00457,109110.34,0.01598,109076.97,0.0,109115.62,0.012,109072.19,0.0,109117.02,0.0
2025-09-26 07:55:44.014000,109096.34,11.3242,109096.35,2.68721,109096.33,0.00122,109096.36,0.00444,109096.32,0.0001,109097.67,0.04595,109096.02,0.0001,109098.89,0.0,109096.01,0.00189,109098.9,0.0
2025-09-26 07:55:45.014000,109096.34,11.51175,109096.35,2.68726,109084.58,0.0,109097.67,0.04595,109079.7,0.15,109099.15,0.0001,109078.26,0.0,109099.16,0.45918,109072.19,0.09167,109099.17,2.45252
2025-09-26 07:55:46.014000,109096.34,11.62186,109096.35,2.46061,109092.0,0.28378,109096.36,0.00444,109083.54,0.0,109100.0,0.47563,109081.55,0.00499,109100.38,0.0,109070.73,0.0,109100.41,0.03671
2025-09-26 07:55:47.014000,109096.34,11.62251,109096.35,2.14828,109096.33,0.0002,109100.43,0.02757,109096.32,0.0,109101.67,0.0,109096.0,0.00468,109108.27,0.0,109095.99,0.0002,109109.99,0.00467
2025-09-26 07:55:48.014000,109096.34,11.61123,109096.35,2.14765,109096.33,0.00115,109106.77,0.00916,109096.32,0.0001,109108.26,0.0459,109096.0,0.00458,109114.49,0.32962,109095.99,0.0001,109116.61,0.0
2025-09-26 07:55:49.014000,109096.34,11.62742,109096.35,1.65446,109087.99,0.09167,109096.36,0.00449,109086.34,0.4,109100.41,0.03671,109072.19,0.0,109100.43,0.0,109002.53,0.0,109100.89,0.02757
2025-09-26 07:55:50.014000,109096.34,11.58007,109096.35,3.1893,109092.01,0.04771,109096.36,0.00449,109088.24,0.0,109099.18,0.0393,109087.99,0.0,109099.8,0.0667,109075.29,0.09167,109100.41,0.03671
2025-09-26 07:55:51.014000,109096.34,11.57991,109096.35,3.15094,109088.21,0.09167,109096.36,0.00439,109075.29,0.0,109100.41,0.03671,109040.0,0.06155,109101.12,0.0,108897.47,0.13926,109101.47,0.0
2025-09-26 07:55:52.014000,109096.34,11.48595,109096.35,2.87478,109096.0,0.0,109096.36,0.00444,109092.01,0.04771,109097.08,0.0,109088.21,0.0,109100.41,0.03671,109083.17,0.0,109108.25,0.0
2025-09-26 07:55:53.014000,109096.34,11.5111,109096.35,2.1126,109096.33,0.00105,109096.36,0.00444,109096.01,0.00189,109104.25,0.0,109096.0,0.0001,109105.71,0.0,109094.53,0.0001,109108.23,0.00327
2025-09-26 07:55:54.014000,109096.34,11.50921,109096.35,2.98441,109083.38,0.0,109096.36,0.00444,109083.32,0.06665,109099.18,0.0393,109082.02,0.0,109099.8,0.0,109080.01,0.00457,109100.41,0.03671
2025-09-26 07:55:55.014000,109096.34,11.50024,109096.35,2.93986,109088.3,0.0,109096.36,0.00444,109075.29,0.09167,109100.94,0.0667,109067.34,0.05084,109102.7,0.0,109053.4,1.3407,109102.85,0.02752
2025-09-26 07:55:56.014000,109096.34,5.8134,109096.35,3.20705,109096.33,0.0001,109096.36,0.00454,109096.32,0.0,109099.18,0.0393,109095.98,0.10479,109099.74,0.02294,109095.97,0.0001,109100.94,0.06665
2025-09-26 07:55:57.014000,109096.34,6.22011,109096.35,2.9204,109096.33,0.00094,109096.36,0.00449,109096.32,0.0001,109096.37,0.0001,109095.97,0.0,109096.6,0.0001,109094.87,0.1099,109096.61,0.0402
2025-09-26 07:55:58.014000,109096.34,4.63311,109096.35,5.06812,109096.33,0.00129,109096.36,0.00454,109096.02,0.0001,109096.37,0.0001,109095.98,0.10469,109096.6,0.0,109095.38,0.0,109096.61,0.0
2025-09-26 07:55:59.014000,109096.34,4.68284,109096.35,4.48865,109096.33,0.00134,109101.8,0.0,109096.32,0.0001,109104.53,0.11458,109096.03,0.0,109110.83,0.15005,109096.01,0.0,109111.33,0.0
2025-09-26 07:56:00.014000,109096.34,4.53849,109096.35,4.52852,109092.0,0.28378,109096.36,0.00449,109091.98,0.0,109097.34,0.06155,109089.56,0.32974,109098.44,0.06217,109085.76,0.0,109104.33,0.0
2025-09-26 07:56:01.014000,109096.34,5.31944,109096.35,3.24374,109096.33,0.00134,109096.36,0.00444,109096.32,0.0001,109096.73,0.03133,109096.22,0.0001,109097.33,0.0,109096.21,0.10868,109097.34,0.0
2025-09-26 07:56:02.014000,109096.34,5.15342,109096.35,4.45292,109093.06,0.01963,109101.34,0.00457,109092.01,0.00183,109105.27,0.0,109089.56,0.32974,109106.93,0.0,109083.11,0.0,109107.09,0.30217
2025-09-26 07:56:03.014000,109096.34,5.20334,109096.35,4.77753,109093.06,0.01963,109096.36,0.00444,109092.01,0.00183,109101.34,0.0,109089.56,0.32974,109102.61,0.00457,109085.43,0.49583,109103.84,0.00457
2025-09-26 07:56:04.014000,109096.34,4.71591,109096.35,4.88712,109096.33,0.0003,109096.36,0.00459,109096.32,0.0001,109096.73,0.03133,109096.21,0.0,109097.33,0.0,109096.2,0.0,109097.34,0.0
2025-09-26 07:56:05.014000,109096.34,4.19566,109096.35,5.57685,109096.33,0.00125,109096.36,0.00459,109096.22,0.0,109096.73,0.03133,109095.4,0.0,109096.74,0.0001,109095.39,0.0,109096.93,0.0001
2025-09-26 07:56:06.014000,109096.34,0.0,109089.17,19.43817,109096.33,0.0,109089.18,2.51288,109096.32,0.0,109089.19,1.31245,109096.26,0.0,109089.2,0.0001,109095.99,0.0,109089.82,5e-05
2025-09-26 07:56:07.014000,109089.16,0.88158,109089.17,29.66821,109089.15,0.00128,109089.18,2.51652,109089.14,0.0001,109089.19,0.74026,109088.64,0.0,109090.01,0.0401,109088.63,0.0,109090.27,0.06193
2025-09-26 07:56:08.014000,109089.16,0.0,109087.66,22.27136,109089.15,0.0,109087.67,0.0001,109089.14,0.0,109087.74,5e-05,109088.34,0.0,109087.76,0.0,109087.98,0.0,109087.77,0.0402
2025-09-26 07:56:09.014000,109087.65,0.0,109079.38,2.52778,109087.64,0.0,109079.39,0.7757,109087.63,0.0,109079.4,0.0001,109087.2,0.0,109079.53,1.27872,109087.19,0.0,109079.98,0.7832
2025-09-26 07:56:10.014000,109079.37,0.0,109076.01,19.07798,109079.36,0.0,109076.02,0.0001,109079.35,0.0,109076.09,0.0001,109079.34,0.0,109076.28,5e-05,109078.58,0.0,109076.99,0.0001
2025-09-26 07:56:11.014000,109076.0,1.98769,109076.01,17.76822,109075.99,0.00078,109077.0,0.0002,109075.92,0.0001,109079.0,0.0216,109075.26,0.0001,109079.36,0.0,109075.25,0.0001,109079.37,0.0001
2025-09-26 07:56:12.014000,109076.0,3.67941,109076.01,16.65989,109075.99,0.00065,109076.02,0.0001,109075.36,0.0001,109076.99,0.0,109075.35,0.0001,109077.0,0.0,109075.34,0.0,109077.01,0.0
2025-09-26 07:56:13.014000,109076.0,3.38791,109076.01,16.61403,109075.99,0.0007,109079.38,0.08231,109075.46,0.0001,109079.39,0.0,109075.45,0.0001,109079.52,0.0001,109075.44,0.0,109079.96,5e-05
2025-09-26 07:56:14.014000,109076.0,5.04741,109076.01,16.32807,109075.99,0.0007,109081.35,0.0,109075.98,0.0001,109081.99,0.00458,109075.65,0.0001,109085.38,0.0,109075.64,0.0909,109088.05,0.0
2025-09-26 07:56:15.014000,109076.0,5.33924,109076.01,16.46095,109075.99,0.00085,109079.38,0.08231,109074.95,0.02103,109082.89,0.0,109073.92,0.32974,109082.93,0.0,109073.04,5e-05,109083.68,0.0
2025-09-26 07:56:16.014000,109076.0,5.38993,109076.01,15.52635,109059.55,1.27872,109076.02,0.0001,109056.33,0.09966,109077.99,0.0,109055.44,0.15,109078.0,0.0,109055.42,2.47602,109078.01,0.0
2025-09-26 07:56:17.014000,109076.0,5.39031,109076.01,15.64793,109055.39,0.09169,109083.0,0.03155,109048.49,2.47602,109083.16,0.0,109041.42,0.06977,109083.17,0.45903,108976.34,6e-05,109083.23,0.02295
2025-09-26 07:56:18.014000,109076.0,5.59036,109076.01,15.64545,109075.99,0.0009,109076.02,0.0001,109069.62,0.00182,109078.36,0.00192,109055.44,0.15,109078.37,0.0001,109055.39,0.0,109078.67,0.04593
2025-09-26 07:56:19.014000,109076.0,5.52054,109076.01,15.49157,109071.07,0.0,109078.49,5e-05,109062.01,0.0,109078.67,0.04593,109060.72,0.0,109079.37,0.0001,109060.53,0.00499,109079.38,0.04564
2025-09-26 07:56:20.014000,109076.0,5.9694,109076.01,14.85927,109075.99,0.00025,109076.02,0.0006,109075.98,0.0,109076.03,0.0001,109074.94,0.0001,109076.05,0.0001,109072.46,5e-05,109076.06,0.0002
2025-09-26 07:56:21.014000,109076.0,5.96896,109076.01,14.85476,109075.99,0.0003,109076.02,0.0005,109075.98,0.0,109076.03,0.0001,109074.94,0.0001,109076.05,0.0,109072.77,0.0229,109076.06,0.0
2025-09-26 07:56:22.014000,109076.0,5.97171,109076.01,14.45861,109075.99,0.0003,109076.02,0.0006,109075.98,0.0,109076.03,0.0001,109075.92,0.0002,109076.48,0.0001,109075.65,0.0,109076.49,0.0403
2025-09-26 07:56:23.014000,109076.0,6.16958,109076.01,12.03,109075.99,0.0003,109076.02,0.0006,109075.98,0.0,109076.31,5e-05,109075.15,0.0,109077.4,5e-05,109074.94,0.0001,109077.61,0.18002
2025-09-26 07:56:24.014000,109076.0,5.17276,109076.01,11.9138,109075.99,0.0003,109076.02,0.00065,109075.98,0.0,109077.6,0.0001,109074.94,0.0001,109077.61,0.18002,109072.77,0.0,109078.34,0.0
2025-09-26 07:56:25.014000,109076.0,5.15759,109076.01,12.18219,109075.99,0.0003,109076.02,0.00065,109075.98,0.0,109078.61,0.49764,109074.94,0.0001,109078.62,0.0,109074.9,0.0639,109078.77,0.0
2025-09-26 07:56:26.014000,109076.0,5.17554,109076.01,12.18207,109075.99,0.00035,109076.02,0.0006,109075.98,0.0,109079.38,0.04564,109074.95,0.02103,109079.95,0.0,109074.94,0.0001,109079.96,0.06146
2025-09-26 07:56:27.014000,109076.0,4.99103,109076.01,14.35199,109075.99,0.0002,109076.02,0.0006,109075.98,0.0001,109076.03,0.0001,109074.94,0.0,109076.38,0.0,109071.1,0.0,109076.39,0.0
2025-09-26 07:56:28.014000,109076.0,5.39536,109076.01,13.88726,109075.99,0.0002,109076.02,0.04768,109075.98,0.0001,109077.4,0.0,109074.94,0.0,109078.36,0.00182,109063.73,0.0,109079.38,0.04564
2025-09-26 07:56:29.014000,109076.0,5.39929,109076.01,13.84093,109075.99,0.0002,109076.02,0.04758,109075.98,0.0001,109080.06,0.04005,109074.94,0.0,109080.39,0.0,109066.01,1.2,109080.57,0.03672
2025-09-26 07:56:30.014000,109076.0,5.42129,109076.01,13.83275,109075.99,0.0002,109076.02,0.04753,109075.98,0.0001,109076.03,0.0001,109074.94,0.0,109076.28,5e-05,109073.73,0.0,109076.38,0.0001
2025-09-26 07:56:31.014000,109076.0,5.84298,109076.01,12.82205,109075.99,0.00025,109076.02,0.04748,109075.98,0.0,109078.61,0.49764,109074.94,0.0001,109079.37,0.0,109069.77,0.0,109079.38,0.0
2025-09-26 07:56:32.014000,109076.0,4.93352,109076.01,13.03505,109063.79,0.00324,109076.02,0.04753,109058.07,0.0,109078.61,0.49764,109054.26,0.0,109079.37,0.0001,109052.21,0.0,109079.38,0.04564
2025-09-26 07:56:33.015000,109076.0,4.92602,109076.01,13.17987,109061.99,0.0,109079.38,0.04564,109060.61,0.00499,109079.98,0.00458,109054.85,0.09169,109079.99,0.0,109054.54,0.0,109080.56,5e-05
2025-09-26 07:56:34.014000,109076.0,4.89824,109076.01,13.0614,109065.19,0.02753,109076.02,0.04748,109063.79,0.0,109078.61,0.49764,109062.65,0.00499,109079.37,0.0001,109062.1,0.0,109079.38,0.04564
2025-09-26 07:56:35.014000,109076.0,4.89443,109076.01,13.13064,108963.07,0.69913,109088.49,0.01598,108530.62,0.0,109095.64,0.0,100349.92,0.0,109103.38,0.0,98168.0,0.0051,109103.55,0.32965
2025-09-26 07:56:36.014000,109076.0,4.89119,109079.38,0.0001,109063.9,0.0033,109086.91,0.04554,109040.75,0.0,109089.16,0.0,109039.92,1.20012,109093.04,0.15,108984.32,0.25734,109095.03,1.22082
2025-09-26 07:56:37.014000,109076.0,4.94118,109076.01,12.92785,109066.0,0.4,109076.02,0.04748,109063.93,0.00327,109076.03,0.0001,109063.9,0.0,109076.05,0.0001,109062.65,0.0,109076.06,0.21989
2025-09-26 07:56:38.014000,109076.0,4.11756,109076.01,12.66785,109071.61,0.0001,109076.02,0.04743,109070.52,0.0,109076.06,0.21989,109068.64,0.0,109076.07,0.0001,109065.74,0.04583,109078.35,0.00458
2025-09-26 07:56:39.014000,109076.0,4.32905,109076.01,12.668,109064.16,0.0,109076.02,0.04748,109063.87,0.00069,109078.61,0.49764,109061.56,0.00499,109078.84,0.0,109059.33,0.0,109078.85,0.0
2025-09-26 07:56:40.014000,109076.0,3.16976,109076.01,13.68759,109075.64,0.0001,109076.02,0.04698,109063.52,0.0,109076.82,0.06367,109063.21,0.02753,109077.92,0.06325,109059.57,0.0,109078.35,0.0
2025-09-26 07:56:41.014000,109076.0,2.31454,109076.01,13.77556,109075.99,0.0002,109076.02,0.04703,109075.92,0.0002,109076.06,0.21989,109075.64,0.0,109076.07,0.0001,109075.63,5e-05,109076.31,0.0
2025-09-26 07:56:42.014000,109076.0,1.35233,109076.01,14.20265,109075.99,0.0002,109076.02,0.04698,109075.92,0.0001,109076.05,0.0,109075.0,0.0,109076.06,0.21989,109074.95,0.02103,109076.07,0.0001
2025-09-26 07:56:43.014000,109076.0,1.10216,109076.01,13.15122,109073.13,0.0,109076.05,0.0001,109072.01,0.0,109076.06,0.21989,109071.62,0.0,109076.07,0.0001,109065.74,0.04583,109076.25,0.0
2025-09-26 07:56:44.014000,109076.0,1.25684,109076.01,13.77445,109075.99,0.00025,109076.05,0.0001,109075.22,5e-05,109076.31,0.01816,109070.27,0.0,109076.77,0.0,109069.8,0.32976,109076.78,0.0
2025-09-26 07:56:45.014000,109076.0,0.0,109072.01,21.59262,109075.99,0.0,109072.02,0.0002,109075.92,0.0,109072.07,0.0,109075.63,0.0,109072.46,5e-05,109075.22,0.0,109072.66,0.0001
2025-09-26 07:56:46.014000,109072.0,1.18793,109072.01,18.91244,109071.99,0.0007,109072.02,0.0003,109071.98,0.0001,109072.03,0.0001,109071.49,0.00025,109072.67,0.08256,109070.88,0.0,109072.68,0.0001
2025-09-26 07:56:47.014000,109072.0,4.5086,109072.01,16.86528,109071.99,0.0007,109072.02,0.00025,109071.48,0.32985,109072.03,0.0001,109071.47,0.0001,109072.66,0.0001,109071.09,0.10805,109072.87,0.0
2025-09-26 07:56:48.014000,109072.0,4.4586,109072.01,20.42458,109070.9,0.0001,109072.02,0.0003,109067.57,5e-05,109072.03,0.0001,109065.74,0.04583,109072.66,0.00468,109054.18,0.0,109072.87,0.0
2025-09-26 07:56:49.014000,109072.0,3.81239,109072.01,21.45433,109071.09,0.10805,109072.02,0.00025,109070.9,0.0001,109072.03,0.0001,109065.74,0.04583,109072.66,0.0001,109060.98,0.00182,109072.68,0.0001
2025-09-26 07:56:50.014000,109072.0,3.80506,109072.01,21.05981,109071.99,0.0007,109072.02,0.00962,109071.48,0.32985,109072.03,0.0001,109071.47,0.0001,109072.67,0.05514,109071.18,0.0,109072.86,0.26083
2025-09-26 07:56:51.014000,109072.0,0.0,109066.02,27.14049,109071.99,0.0,109066.03,0.0001,109071.98,0.0,109066.08,0.0,109071.49,0.0,109066.47,0.0,109071.48,0.0,109066.63,0.26528
2025-09-26 07:56:52.014000,109066.01,0.0,109040.05,11.61667,109066.0,0.0,109040.06,0.0001,109065.99,0.0,109040.11,0.0,109065.38,0.0,109040.33,0.0,109064.99,0.0,109040.67,0.0001
2025-09-26 07:56:53.014000,109040.04,5.58647,109040.05,9.81587,109040.03,0.00196,109040.06,0.0001,109040.02,0.06203,109040.13,0.0001,109040.01,0.0002,109040.67,0.0,109040.0,0.02064,109040.68,0.0
2025-09-26 07:56:54.014000,109040.04,5.58145,109040.05,8.90957,109028.27,1.27872,109040.06,0.0001,109021.31,0.0,109042.63,0.0001,109020.79,0.15,109042.64,0.3016,109020.77,2.47602,109042.65,0.0001
2025-09-26 07:56:55.014000,109040.04,3.79312,109040.05,10.02094,109018.1,0.0,109040.06,0.0004,109013.59,0.0,109040.07,0.0,109013.33,0.09172,109040.26,0.0001,109012.62,0.0,109040.27,0.08296
2025-09-26 07:56:56.014000,109040.04,0.7728,109040.05,12.46754,109040.03,0.00201,109040.06,0.00035,109040.02,0.0001,109040.07,0.0,109040.01,0.0001,109040.26,0.0001,109040.0,0.02074,109040.27,0.08296
2025-09-26 07:56:57.014000,109040.04,1.14619,109040.05,11.75201,109040.03,0.00206,109040.06,0.00025,109040.0,0.02074,109040.07,0.0,109039.99,0.0002,109040.27,0.08296,109039.82,0.0001,109040.28,0.0001
2025-09-26 07:56:58.014000,109040.04,0.88302,109040.05,11.7586,109040.03,0.00201,109040.06,0.00025,109030.48,6e-05,109040.07,0.0001,109024.77,0.15,109040.27,0.08296,109021.31,0.0,109040.28,0.0001
2025-09-26 07:56:59.014000,109040.04,2.212,109040.05,11.2078,109023.92,0.00027,109040.06,0.0003,109015.51,6e-05,109040.07,0.0001,109014.73,0.0,109040.55,0.0,109013.59,0.09172,109042.64,0.3015
2025-09-26 07:57:00.014000,109040.04,1.11287,109040.05,11.46264,109040.03,0.00186,109040.06,0.00957,109040.0,0.02074,109040.07,0.0001,109039.99,0.0002,109040.27,0.08296,109039.82,0.0,109040.54,0.00182
2025-09-26 07:57:01.014000,109040.04,1.82717,109040.05,14.32089,109040.03,0.00191,109040.06,0.00962,109040.0,0.02074,109040.27,0.08296,109037.99,0.11831,109042.04,0.0,109036.96,0.0,109042.28,0.00922
2025-09-26 07:57:02.014000,109040.04,0.0,109035.23,23.57722,109040.03,0.0,109035.24,0.0001,109040.02,0.0,109035.31,0.0001,109040.01,0.0,109035.33,0.08759,109040.0,0.0,109035.34,0.0001
2025-09-26 07:57:03.014000,109035.22,0.78139,109035.23,21.606,109035.21,0.00055,109035.32,0.0,109035.0,0.0,109035.33,0.08759,109034.77,0.0,109035.34,0.0001,109034.11,0.0,109035.38,0.0
2025-09-26 07:57:04.014000,109035.22,0.77255,109035.23,21.65607,109035.21,0.0006,109035.32,0.0001,109035.0,0.0,109035.38,0.0001,109034.11,0.0001,109035.39,0.02772,109034.1,0.0,109035.4,1.12161
2025-09-26 07:57:05.014000,109035.22,3.45063,109035.23,20.10312,109035.21,0.00055,109035.24,0.0003,109035.14,0.0002,109035.25,0.0001,109034.12,0.0,109035.4,0.85245,109034.11,0.0,109036.0,0.06187
2025-09-26 07:57:06.014000,109035.22,2.69032,109035.23,20.2064,109035.21,0.0005,109035.24,0.00035,109032.82,0.0,109035.4,0.85245,109030.39,5e-05,109037.93,0.0,109024.38,0.0,109038.0,0.02155
2025-09-26 07:57:07.014000,109035.22,2.45585,109035.23,19.56906,109035.21,0.00065,109035.24,0.0004,109035.2,0.00074,109035.4,0.80691,109034.98,0.0,109036.99,0.00458,109033.76,0.00063,109044.19,0.0
2025-09-26 07:57:08.014000,109035.22,5.48891,109035.23,19.7037,109035.21,0.0006,109035.24,0.00025,109034.13,0.0001,109035.39,0.02762,109034.12,0.062,109035.4,0.00182,109034.1,0.0,109036.0,0.04037
2025-09-26 07:57:09.014000,109035.22,5.39855,109035.23,19.79358,109035.21,0.0007,109035.24,0.0002,109030.44,0.0,109035.25,0.0001,109026.43,1.27872,109035.39,0.02762,109025.23,0.4,109035.99,0.0
2025-09-26 07:57:10.014000,109035.22,5.01381,109035.23,19.68319,109020.71,0.0,109035.24,0.0003,109019.16,0.00499,109035.25,0.0001,109006.19,0.0,109035.39,0.02762,109005.92,0.02752,109036.27,0.0001
2025-09-26 07:57:11.014000,109035.22,5.9007,109035.23,15.91032,109035.21,0.0,109035.24,0.001,109035.0,0.0215,109035.25,0.0,109034.26,5e-05,109035.33,0.0002,109034.13,0.00015,109035.39,0.02762
2025-09-26 07:57:12.014000,109035.22,5.9009,109035.23,15.58369,109035.21,0.0,109035.24,0.0007,109035.0,0.0,109035.25,0.0001,109029.8,1.27872,109035.32,0.0,109026.27,0.0,109035.33,0.0
2025-09-26 07:57:13.014000,109035.22,5.94664,109035.23,14.78314,109035.21,5e-05,109035.24,0.00055,109025.16,0.06665,109035.39,0.02762,109020.99,0.15,109037.97,0.0001,109020.98,0.0,109037.98,0.34409
2025-09-26 07:57:14.014000,109051.99,12.67739,109035.23,0.0,109051.93,0.0,109035.24,0.0,109051.85,0.0001,109035.25,0.0,109051.84,0.03074,109035.31,0.0,109051.12,0.0,109035.38,0.0
2025-09-26 07:57:15.014000,109051.99,12.65006,109052.0,2.16665,109051.98,0.0001,109052.01,0.00085,109051.84,0.03084,109052.25,0.0,109051.83,0.0001,109059.59,0.07252,109051.0,0.0216,109059.88,5e-05
2025-09-26 07:57:16.014000,109062.38,12.7721,109052.0,0.0,109062.37,0.0001,109052.01,0.0,109062.32,0.0,109052.02,0.0,109062.0,0.0215,109052.25,0.0,109061.95,0.0,109053.44,0.0
2025-09-26 07:57:17.014000,109062.38,10.73593,109062.39,1.94256,109062.37,0.0001,109062.4,0.00095,109062.01,0.00015,109062.41,0.0001,109062.0,0.0217,109062.89,0.0,109061.99,0.0001,109062.9,0.0
2025-09-26 07:57:18.014000,109062.38,10.67933,109062.39,3.62049,109062.37,0.00927,109062.4,0.00292,109062.36,0.0,109062.41,0.0001,109062.01,0.0001,109063.78,0.00192,109062.0,0.0001,109063.79,0.0001
2025-09-26 07:57:19.014000,109062.38,10.66743,109062.39,3.69814,109062.37,0.0001,109062.4,0.00282,109062.36,0.0,109064.54,0.01843,109061.28,0.06327,109064.66,0.00922,109061.27,0.0001,109064.91,0.0
2025-09-26 07:57:20.014000,109062.38,10.66149,109062.39,3.35429,109053.57,5e-05,109062.4,0.00287,109053.44,6e-05,109066.56,0.03683,109048.64,0.00499,109067.18,0.0151,109047.41,0.053,109068.06,0.02005
2025-09-26 07:57:21.014000,109064.98,19.25259,109062.39,0.0,109064.97,0.0001,109062.4,0.0,109064.92,0.0,109062.41,0.0,109064.82,5e-05,109063.28,0.0,109064.75,0.0,109063.78,0.0
2025-09-26 07:57:22.014000,109064.99,18.56976,109064.99,0.0,109064.98,0.41665,109065.0,0.84343,109064.97,0.0001,109065.01,0.001,109064.72,0.0001,109065.02,0.0001,109064.71,0.0001,109067.99,0.0132
2025-09-26 07:57:23.014000,109064.99,17.02412,109065.0,0.88645,109064.98,0.11431,109065.01,0.0009,109064.97,0.0001,109065.02,0.0001,109064.53,0.0,109067.98,0.0001,109064.52,0.0,109067.99,0.0152
2025-09-26 07:57:24.014000,109064.99,17.11591,109065.0,0.52815,109060.0,0.30326,109065.01,0.00085,109050.16,6e-05,109065.02,0.0001,109048.0,0.002,109065.37,5e-05,109042.09,0.11003,109067.98,0.0
2025-09-26 07:57:25.014000,109064.99,17.09036,109065.0,0.5342,109064.98,0.16014,109065.01,0.00075,109064.93,0.0001,109065.08,0.0001,109064.92,0.0001,109068.45,0.01843,109064.72,0.0,109068.76,0.0
2025-09-26 07:57:26.014000,109064.99,17.24588,109065.0,0.47594,109055.8,0.00044,109065.01,0.00085,109050.0,0.00091,109068.06,0.0202,109040.0,0.00296,109068.15,0.0102,109037.86,0.0,109069.56,0.32005
2025-09-26 07:57:27.014000,109064.99,17.09521,109065.0,0.32054,109064.98,0.16014,109065.01,0.0008,109064.97,0.0001,109069.66,0.32005,109064.06,0.06675,109070.42,0.0,109064.05,0.0001,109073.65,0.01838
2025-09-26 07:57:28.014000,109064.99,16.98523,109065.0,0.3189,109064.98,0.11431,109065.01,0.00085,109064.06,0.0001,109065.02,0.0001,109060.24,0.00182,109065.66,0.00192,109059.0,0.06733,109065.67,0.0001
2025-09-26 07:57:29.014000,109064.99,16.98301,109065.0,0.31798,109064.98,0.11431,109065.01,0.0009,109064.97,0.0001,109068.45,0.01843,109064.06,0.0,109069.09,0.0001,109064.05,0.0,109069.1,0.04589
2025-09-26 07:57:30.014000,109064.99,16.9162,109065.0,0.31869,109057.93,0.0,109065.01,0.0009,109052.4,0.0,109065.08,0.0,109050.76,0.00458,109065.37,0.0,109038.12,0.0,109065.66,0.00192
2025-09-26 07:57:31.015000,109064.99,16.91863,109065.0,0.22621,109064.98,0.11431,109065.01,0.00095,109059.0,0.0215,109065.37,5e-05,109053.24,0.00458,109068.04,0.0,109051.03,0.15,109068.06,0.0201
2025-09-26 07:57:32.014000,109068.4,19.93975,109065.0,0.0,109068.39,0.00025,109065.01,0.0,109068.38,0.0,109065.02,0.0,109068.37,0.0,109065.37,0.0,109068.34,0.0,109065.66,0.0
2025-09-26 07:57:33.014000,109068.4,18.10244,109068.41,4.94874,109068.34,0.0001,109068.42,0.0009,109068.33,0.0001,109068.49,0.0001,109067.98,0.0001,109068.65,5e-05,109067.35,0.00168,109075.87,0.45005
2025-09-26 07:57:34.014000,109068.4,16.55676,109068.41,4.87792,109068.39,0.0002,109068.42,0.0009,109067.97,0.09271,109069.75,5e-05,109067.96,0.0001,109070.54,0.03678,109067.35,0.00178,109070.84,5e-05
2025-09-26 07:57:35.014000,109068.4,16.53049,109068.41,5.13565,109059.0,0.06733,109068.42,0.0009,109054.66,0.00499,109070.54,0.03678,109053.29,0.0,109071.02,0.00921,109052.0,0.002,109071.36,0.06665
2025-09-26 07:57:36.014000,109068.4,16.46612,109068.41,5.28737,109053.18,0.02752,109068.42,0.0009,109053.09,0.0,109070.37,0.00821,109040.12,0.0,109070.54,0.03678,109039.98,0.0,109071.02,0.00921
2025-09-26 07:57:37.014000,109068.4,3.68221,109068.41,6.69402,109068.39,0.00035,109068.42,0.00025,109068.38,0.0001,109068.43,0.0,109067.97,0.0,109068.44,0.0001,109067.96,0.0,109068.45,0.01853
2025-09-26 07:57:38.014000,109068.4,6.07023,109068.41,5.02723,109068.39,0.00045,109068.42,0.0003,109067.13,0.0001,109068.43,0.0,109066.39,0.08575,109068.45,0.01853,109064.99,0.54949,109068.65,0.0
2025-09-26 07:57:39.014000,109068.4,6.27963,109068.41,4.98072,109068.39,0.0004,109068.42,0.0002,109068.38,0.0001,109068.43,0.0,109067.3,0.06129,109068.45,0.01853,109067.29,0.0001,109068.64,0.0
2025-09-26 07:57:40.014000,109068.4,6.30259,109068.41,4.41541,109059.0,0.0215,109068.45,0.01853,109036.35,0.0,109068.46,0.0001,109036.34,0.0,109068.96,0.0112,109035.91,0.0,109068.97,0.00182
2025-09-26 07:57:41.014000,109068.4,5.93077,109068.41,4.86291,109067.3,0.06134,109068.42,0.0002,109066.77,0.00092,109068.45,0.01853,109066.39,0.0858,109068.46,0.0001,109064.99,0.54944,109068.96,0.0132
2025-09-26 07:57:42.014000,109068.4,5.98275,109068.41,4.90398,109054.03,0.0,109068.42,0.0001,109053.55,0.0,109068.45,0.01853,109052.42,0.15,109068.46,0.0001,109052.41,0.0,109068.96,0.0
2025-09-26 07:57:43.014000,109068.4,5.47033,109068.41,5.26803,109052.36,0.00182,109080.3,0.0795,109037.0,0.0,109081.4,0.0583,109036.74,0.0917,109082.43,0.104,109036.73,0.0,109083.45,0.015
2025-09-26 07:57:44.014000,109068.4,5.47125,109068.41,5.22219,109052.42,0.15,109076.3,0.0,109049.14,0.0,109076.41,0.0229,109042.01,2.21431,109080.0,0.02135,109037.63,0.0,109080.14,0.30225
2025-09-26 07:57:45.014000,109068.4,5.48159,109068.41,5.33532,109065.0,0.00018,109079.86,0.00499,109054.66,0.0,109081.81,0.0,109054.44,0.00499,109085.85,0.0,109044.85,0.5,109087.03,1.23089
2025-09-26 07:57:46.014000,109068.4,5.5256,109068.41,5.14783,109052.42,0.0,109068.42,0.0002,109049.14,0.15,109070.67,0.0,109045.88,0.06665,109070.76,0.06282,109044.85,0.25,109071.36,0.06675
2025-09-26 07:57:47.014000,109068.4,5.35801,109068.41,4.75713,109052.42,0.0,109068.42,0.0001,109049.14,0.15,109070.54,0.03678,109045.3,0.0,109070.75,0.0,109036.5,0.0917,109070.76,0.0
2025-09-26 07:57:48.014000,109068.4,5.31681,109068.41,4.8462,109049.14,0.15,109070.7,0.06155,109045.3,0.0,109071.36,0.06675,109037.74,0.0917,109071.8,0.06276,109036.7,0.0,109072.4,0.0
2025-09-26 07:57:49.014000,109068.4,5.83534,109068.41,4.18479,109058.41,1.20005,109068.42,0.00015,109054.44,0.0,109070.54,0.03678,109053.55,7e-05,109070.69,0.0,109053.2,0.00499,109070.7,0.0
2025-09-26 07:57:50.014000,109068.4,5.15685,109068.41,10.34521,109068.39,0.00045,109068.42,0.0001,109054.49,0.00499,109070.54,0.03678,109053.2,0.0,109071.01,0.00458,109052.42,0.0,109071.02,0.00921
2025-09-26 07:57:51.014000,109068.4,1.71411,109068.41,11.97948,109068.39,0.0003,109068.42,0.0002,109068.38,0.0001,109068.44,0.0001,109068.34,0.0001,109068.45,0.01853,109067.98,0.0,109068.64,5e-05
2025-09-26 07:57:52.014000,109068.4,3.80291,109068.41,13.47597,109068.39,0.00035,109068.42,0.0002,109068.38,0.0,109068.45,0.01853,109066.76,0.0001,109068.97,0.00192,109066.63,0.10619,109068.98,0.0001
2025-09-26 07:57:53.014000,109068.4,5.77391,109068.41,13.09884,109068.39,0.0003,109068.42,0.00015,109068.38,0.0001,109068.49,0.0001,109066.76,0.0,109068.64,0.0,109064.93,0.0001,109068.97,0.00192
2025-09-26 07:57:54.014000,109068.4,4.37026,109068.41,13.48588,109068.39,0.00035,109068.42,5e-05,109068.38,0.0,109068.43,0.0001,109066.76,0.0001,109068.45,0.01853,109064.82,0.0,109068.97,0.00192
2025-09-26 07:57:55.014000,109068.4,5.41422,109068.41,12.31681,109068.39,0.00035,109068.42,0.0002,109068.38,0.0,109068.43,0.0,109066.76,0.0001,109068.45,0.01853,109056.44,0.0,109068.46,0.0001
2025-09-26 07:57:56.014000,109068.4,5.41422,109068.41,12.30156,109068.39,0.00035,109068.42,0.0002,109068.38,0.0,109068.45,0.01853,109066.76,0.0001,109068.46,0.0001,109059.99,0.00932,109068.5,0.0
2025-09-26 07:57:57.014000,109068.4,5.42613,109068.41,13.32448,109068.39,0.00035,109073.09,0.0,109068.38,0.0,109073.87,0.0,109066.76,0.0001,109074.97,0.06321,109064.82,5e-05,109075.28,0.0
2025-09-26 07:57:58.014000,109068.4,5.37646,109068.41,13.40237,109068.39,0.00035,109068.42,0.0002,109068.38,0.0,109068.45,0.01853,109067.31,0.0001,109068.97,0.00192,109067.3,0.00015,109068.98,0.0001
2025-09-26 07:57:59.014000,109068.4,5.01386,109068.41,13.5893,109068.39,0.00035,109068.42,0.00025,109068.38,0.0,109068.45,0.01853,109067.3,0.0,109068.97,0.00192,109067.29,0.0,109068.98,0.0001
2025-09-26 07:58:00.014000,109068.4,5.54218,109068.41,13.33818,109068.39,0.00035,109068.42,0.0002,109068.38,0.0,109068.43,0.0,109067.3,0.06369,109068.45,0.01853,109067.29,0.0001,109068.46,0.0001
2025-09-26 07:58:01.014000,109090.25,16.51684,109068.41,0.0,109090.24,0.0001,109068.42,0.0,109090.19,0.0,109068.44,0.0,109089.82,5e-05,109068.45,0.0,109089.66,0.0002,109068.46,0.0
2025-09-26 07:58:02.014000,109090.25,16.08311,109090.26,1.07985,109090.24,0.01037,109090.27,0.04693,109090.23,0.0001,109091.61,5e-05,109089.65,0.0,109092.71,5e-05,109089.64,0.0,109093.27,0.0401
2025-09-26 07:58:03.014000,109090.25,16.191,109090.26,0.1885,109090.24,0.0012,109090.27,0.04688,109089.51,0.10071,109090.52,5e-05,109089.5,0.0001,109093.27,0.0801,109089.26,0.0667,109093.8,0.0
2025-09-26 07:58:04.014000,109113.65,7.51453,109090.26,0.0,109113.64,0.0001,109090.27,0.0,109113.62,0.0,109090.28,0.0,109113.59,0.0,109090.52,0.0,109113.2,0.0002,109090.83,0.0
2025-09-26 07:58:05.014000,109113.65,8.02167,109113.66,3.8027,109113.64,0.0001,109113.67,0.0009,109113.59,0.0001,109113.68,0.0001,109113.58,0.0001,109113.74,0.0001,109113.2,0.0001,109114.21,0.0
2025-09-26 07:58:06.014000,109113.65,8.47163,109113.66,2.63705,109113.64,0.03048,109113.67,0.0009,109113.63,0.0001,109113.68,0.0001,109112.26,0.0,109114.75,0.0,109112.02,0.00092,109114.76,0.0
2025-09-26 07:58:07.014000,109113.65,6.42633,109113.66,2.53736,109113.64,0.03058,109113.67,0.0008,109113.63,0.00087,109113.68,0.0001,109113.62,0.0001,109113.69,0.0,109113.58,0.00123,109113.7,0.0
2025-09-26 07:58:08.014000,109140.82,14.35923,109113.66,0.0,109140.81,0.0002,109113.67,0.0,109140.76,0.01305,109113.68,0.0,109140.75,0.0003,109113.74,0.0,109140.4,5e-05,109114.63,0.0
2025-09-26 07:58:09.014000,109140.82,13.64493,109140.83,1.62802,109140.81,0.0001,109140.84,0.00085,109140.8,6e-05,109140.85,0.00016,109140.76,0.0001,109140.99,0.0001,109140.75,0.0001,109141.0,0.11173
2025-09-26 07:58:10.014000,109140.82,13.95782,109140.83,0.22472,109140.81,0.0001,109140.84,0.00065,109140.01,5e-05,109140.85,0.00016,109140.0,0.0217,109140.91,0.0,109139.99,0.0001,109140.99,0.0
2025-09-26 07:58:11.014000,109155.99,14.1184,109140.83,0.0,109155.98,0.0001,109140.84,0.0,109155.96,0.0,109140.85,0.0,109155.95,0.0,109141.73,0.0,109155.93,0.0,109141.74,0.0
2025-09-26 07:58:12.014000,109163.44,18.31757,109156.0,0.0,109163.43,0.0001,109156.01,0.0,109163.38,0.0,109156.02,0.0,109162.9,0.0,109156.03,0.0,109162.88,5e-05,109156.04,0.0
2025-09-26 07:58:13.014000,109163.73,17.09737,109163.45,0.0,109163.72,0.0001,109163.46,0.0,109163.67,0.0,109163.47,0.0,109163.59,0.0,109163.53,0.0,109163.52,0.0,109163.73,0.0
2025-09-26 07:58:14.014000,109163.73,17.35326,109163.74,2.10366,109163.72,0.00035,109163.75,0.00045,109163.71,0.0001,109163.76,0.00016,109163.45,0.00025,109164.06,0.0,109163.44,0.08237,109164.87,5e-05
2025-09-26 07:58:15.014000,109163.73,12.4376,109163.74,1.54808,109163.72,0.0,109163.75,0.00075,109163.71,0.0001,109163.78,0.0,109163.45,0.0002,109165.41,0.0,109163.44,0.0,109165.98,0.01367
2025-09-26 07:58:16.014000,109163.73,12.44053,109163.74,1.19938,109163.72,0.0002,109163.75,0.0006,109163.71,0.0,109163.78,5e-05,109163.01,0.0001,109165.98,0.01367,109163.0,0.0217,109166.27,0.0
2025-09-26 07:58:17.014000,109163.73,12.43779,109163.74,1.4973,109163.67,0.0001,109163.75,0.0006,109163.66,0.0001,109163.82,0.0001,109163.45,0.0001,109167.95,0.00182,109163.01,0.0001,109171.46,0.10455
2025-09-26 07:58:18.014000,109163.73,12.43655,109163.74,1.53293,109163.72,0.0002,109181.75,0.0,109163.71,0.0001,109183.98,0.15,109163.0,0.0217,109184.0,1.28127,109162.26,0.0015,109186.19,0.0
2025-09-26 07:58:19.014000,109163.73,12.4123,109163.74,0.22502,109163.72,0.0001,109163.75,0.00095,109163.71,0.0,109163.78,0.0,109163.01,0.0,109164.0,0.00255,109162.25,0.0001,109164.38,0.0001
2025-09-26 07:58:20.014000,109164.71,17.24993,109163.74,0.0,109164.7,0.0001,109163.75,0.0,109164.65,0.0,109163.76,0.0,109164.38,0.0,109163.82,0.0,109164.04,0.0,109164.0,0.0
2025-09-26 07:58:21.014000,109164.71,18.06779,109164.72,0.14383,109164.7,0.0001,109164.73,0.03127,109164.01,0.0002,109167.06,5e-05,109164.0,0.0217,109168.15,0.0,109163.74,0.0,109169.62,0.32005
2025-09-26 07:58:22.014000,109167.51,18.67767,109164.72,0.0,109167.5,0.00035,109164.73,0.0,109167.49,0.09694,109164.87,0.0,109167.48,0.0001,109164.96,0.0,109167.45,0.0,109164.99,0.0
2025-09-26 07:58:23.014000,109167.51,18.37823,109167.52,0.33485,109167.5,0.0001,109167.53,0.0467,109167.49,0.09694,109167.6,0.0001,109167.48,0.0001,109167.95,0.0,109167.45,0.0001,109169.21,0.0341
2025-09-26 07:58:24.014000,109175.9,15.61302,109167.52,0.0,109175.89,0.0001,109167.53,0.0,109175.85,0.0,109167.6,0.0,109175.74,0.0,109168.0,0.0,109175.72,0.0001,109168.02,0.0
2025-09-26 07:58:25.014000,109179.99,8.40956,109175.91,0.0,109179.98,0.10736,109175.92,0.0,109179.93,0.0,109176.0,0.0,109179.74,5e-05,109176.01,0.0,109179.61,0.09812,109176.02,0.0
2025-09-26 07:58:26.014000,109193.49,12.21687,109180.0,0.0,109193.48,0.0001,109180.01,0.0,109193.4,0.0001,109180.29,0.0,109193.39,0.0,109180.3,0.0,109193.38,0.0,109181.27,0.0
2025-09-26 07:58:27.014000,109199.65,22.85207,109193.5,0.0,109199.64,0.0001,109193.51,0.0,109199.59,0.0,109193.52,0.0,109199.22,4.21372,109194.34,0.0,109199.21,0.0,109194.99,0.0
2025-09-26 07:58:28.014000,109209.98,17.81268,109199.66,0.0,109209.97,0.0003,109199.67,0.0,109209.07,0.0001,109199.68,0.0,109209.06,0.11338,109199.99,0.0,109209.05,0.0001,109200.0,0.0
2025-09-26 07:58:29.014000,109211.55,13.56689,109209.99,0.0,109211.54,0.00931,109210.0,0.0,109211.53,0.0001,109210.01,0.0,109211.26,0.0002,109210.2,0.0,109211.25,1.27892,109210.52,0.0
2025-09-26 07:58:30.014000,109218.13,12.20687,109211.56,0.0,109218.12,0.0001,109211.57,0.0,109218.0,0.0215,109212.0,0.0,109217.54,0.7832,109212.81,0.0,109217.52,0.00441,109212.86,0.0
2025-09-26 07:58:31.014000,109229.05,5.49494,109218.14,0.0,109229.04,0.01079,109218.15,0.0,109229.03,0.0001,109218.54,0.0,109228.99,0.0,109218.62,0.0,109228.13,0.0,109218.63,0.0
2025-09-26 07:58:32.014000,109229.05,0.0,109218.14,0.0,109229.04,0.0,109218.15,0.0,109229.03,0.0,109218.77,0.0,109228.8,0.0,109218.78,0.0,109228.79,0.0,109219.08,0.0
2025-09-26 07:58:33.014000,109239.1,12.62199,109226.99,0.0,109239.09,0.0002,109227.0,0.0,109239.0,0.0215,109227.42,0.0,109238.7,0.0,109227.43,0.0,109238.63,0.0,109228.62,0.0
2025-09-26 07:58:34.014000,109244.99,14.99787,109239.11,0.0,109244.98,0.0001,109239.12,0.0,109244.05,0.0,109239.58,0.0,109244.03,0.40528,109239.75,0.0,109244.02,0.0002,109239.99,0.0
2025-09-26 07:58:35.014000,109249.99,17.33804,109245.0,0.0,109249.98,0.0001,109245.01,0.0,109249.62,0.0003,109245.15,0.0,109249.61,0.04072,109246.72,0.0,109249.6,0.0001,109246.91,0.0
2025-09-26 07:58:36.014000,109251.99,16.00154,109250.0,0.0,109251.98,0.0001,109250.01,0.0,109251.06,0.0002,109250.24,0.0,109251.05,0.30197,109250.52,0.0,109251.04,0.0001,109250.54,0.0
2025-09-26 07:58:37.014000,109254.33,10.57667,109252.0,0.0,109254.32,0.0001,109252.01,0.0,109254.01,0.0002,109252.08,0.0,109254.0,0.0001,109252.8,0.0,109253.99,0.0,109254.34,2.56978
2025-09-26 07:58:38.014000,109254.33,10.57696,109254.34,2.1232,109254.32,0.0001,109254.35,0.04681,109254.0,0.0,109258.64,0.0001,109253.09,0.20305,109258.65,0.03671,109253.08,0.0001,109259.01,0.03522
2025-09-26 07:58:39.014000,109254.33,9.38384,109254.34,3.06183,109254.32,0.0001,109254.35,0.04681,109254.01,0.0,109255.57,0.0001,109253.7,0.0,109255.58,0.10824,109253.69,0.0001,109257.03,0.00044
2025-09-26 07:58:40.014000,109260.81,13.55533,109254.34,0.0,109260.8,0.00025,109254.35,0.0,109260.79,0.0,109254.99,0.0,109260.78,0.0001,109255.57,0.0,109260.77,0.03102,109255.58,0.0
2025-09-26 07:58:41.014000,109260.81,10.81245,109260.82,5.53299,109260.8,0.00025,109260.83,0.00095,109260.79,0.0,109262.92,0.03939,109260.77,0.03092,109266.06,0.00158,109259.69,0.0,109266.83,0.0092
2025-09-26 07:58:42.014000,109260.81,11.34365,109260.82,3.72444,109260.8,0.0002,109260.83,0.0008,109260.79,0.0001,109262.45,0.0,109260.77,0.03199,109262.72,0.01063,109260.61,0.11001,109262.73,0.0
2025-09-26 07:58:43.019000,109267.27,16.25965,109260.82,0.0,109267.26,0.0001,109260.83,0.0,109267.21,0.0,109260.89,0.0,109267.0,0.0215,109260.9,0.0,109266.41,0.0,109261.07,0.0
2025-09-26 07:58:44.014000,109276.47,5.70455,109267.28,0.0,109276.46,0.0001,109267.29,0.0,109276.31,0.0,109267.34,0.0,109276.3,0.0001,109267.96,0.0,109276.29,0.0,109267.97,0.0
2025-09-26 07:58:45.014000,109279.68,10.27692,109276.48,0.0,109279.67,0.50085,109276.49,0.0,109279.66,0.0001,109276.5,0.0,109279.01,0.0002,109277.39,0.0,109279.0,0.0217,109277.4,0.0
2025-09-26 07:58:46.014000,109286.87,17.42187,109279.69,0.0,109286.86,0.0001,109279.7,0.0,109286.52,5e-05,109279.99,0.0,109286.32,0.0001,109280.0,0.0,109286.31,0.0001,109280.35,0.0
2025-09-26 07:58:47.014000,109288.99,16.37307,109286.88,0.0,109288.98,0.0001,109286.89,0.0,109288.76,0.0002,109287.73,0.0,109288.75,0.03115,109287.9,0.0,109288.74,0.0001,109288.0,0.0
2025-09-26 07:58:48.014000,109295.29,14.207,109289.0,0.0,109295.28,0.0001,109289.01,0.0,109294.69,0.0,109289.12,0.0,109294.2,0.00088,109289.6,0.0,109293.36,0.10331,109289.75,0.0
2025-09-26 07:58:49.014000,109295.29,14.28586,109295.3,0.53651,109295.28,0.0001,109295.31,0.04669,109295.27,6e-05,109295.32,6e-05,109295.01,0.0002,109295.77,5e-05,109295.0,0.02165,109295.83,0.0
2025-09-26 07:58:50.014000,109302.8,12.20217,109295.3,0.0,109302.79,0.00374,109295.31,0.0,109302.78,0.0001,109295.32,0.0,109302.73,0.0001,109295.33,0.0,109302.6,0.0002,109295.6,0.0
2025-09-26 07:58:51.014000,109302.8,12.47178,109302.81,0.64577,109302.74,0.0001,109302.82,0.001,109302.6,0.0001,109304.05,0.0,109302.58,0.03072,109305.19,0.0001,109302.57,0.0001,109305.2,0.0401
2025-09-26 07:58:52.014000,109302.8,12.47085,109302.81,0.38036,109302.59,0.0001,109302.82,0.00095,109302.58,0.03072,109305.19,0.0,109302.57,0.0001,109305.2,0.0,109302.21,0.0,109307.06,0.0001
2025-09-26 07:58:53.014000,109302.8,12.45976,109302.81,0.46255,109302.79,0.02286,109302.82,0.0009,109302.59,0.0,109306.2,0.0,109302.19,0.0,109306.21,0.0,109302.15,0.34198,109307.07,0.09984
2025-09-26 07:58:54.014000,109304.71,18.50798,109302.81,0.0,109304.7,0.0001,109302.82,0.0,109304.65,0.0,109302.83,0.0,109304.35,0.0,109302.98,0.0,109304.09,0.0,109303.38,0.0
2025-09-26 07:58:55.014000,109304.71,16.39444,109304.72,2.8779,109304.7,0.0001,109304.73,0.001,109304.65,0.0,109304.8,0.0001,109304.64,0.0001,109304.99,0.0001,109304.37,5e-05,109305.33,0.08499
2025-09-26 07:58:56.014000,109304.71,0.0,109290.0,7.36765,109304.7,0.0,109290.13,0.0,109304.64,0.0,109290.14,0.09459,109304.37,0.0,109291.0,0.0215,109304.01,0.0,109291.27,0.0
2025-09-26 07:58:57.014000,109289.99,0.0,109289.0,5.06215,109289.98,0.0,109289.05,0.0,109289.97,0.0,109289.12,0.0,109289.96,0.0,109289.61,0.0,109289.6,0.0,109289.97,0.0
2025-09-26 07:58:58.014000,109288.99,0.0,109267.53,2.51688,109288.98,0.0,109267.54,0.0001,109288.47,0.0,109268.01,0.0,109288.46,0.0,109268.99,0.0001,109288.45,0.0,109269.0,0.0896
2025-09-26 07:58:59.014000,109267.52,3.02211,109267.53,4.62069,109267.51,0.00754,109269.0,0.0896,109267.5,0.0001,109269.01,0.0001,109267.43,0.0001,109269.82,0.0,109265.73,0.0,109269.83,0.0
2025-09-26 07:59:00.014000,109267.52,3.55245,109267.53,3.35616,109267.51,0.00754,109270.02,0.091,109267.43,0.0,109272.26,0.0001,109267.42,0.00192,109272.27,0.0367,109267.41,0.0001,109272.99,0.03944
2025-09-26 07:59:01.014000,109276.18,18.65622,109267.53,0.0,109276.17,0.0002,109267.54,0.0,109276.16,0.0001,109267.55,0.0,109276.0,0.0215,109268.99,0.0,109275.72,0.0,109269.0,0.0
2025-09-26 07:59:02.014000,109299.92,8.40989,109276.19,0.0,109299.91,0.0001,109276.2,0.0,109299.9,0.0,109276.21,0.0,109299.89,0.0,109276.36,0.0,109298.9,0.0,109276.37,0.0
2025-09-26 07:59:03.014000,109299.92,8.04653,109299.93,4.81066,109299.86,0.0001,109299.94,0.04253,109299.85,0.0001,109300.0,0.00215,109298.81,0.0,109300.01,0.0002,109298.8,0.0001,109301.65,0.0001
2025-09-26 07:59:04.014000,109299.92,8.05799,109299.93,4.91258,109299.86,0.0001,109299.94,0.04258,109298.82,0.0001,109303.01,0.16005,109298.81,0.0,109304.11,0.01105,109298.8,0.0,109304.13,5e-05
2025-09-26 07:59:05.014000,109299.92,8.02311,109299.93,5.04578,109299.91,0.0002,109299.94,0.04243,109299.9,0.0001,109303.01,0.1601,109298.78,0.0001,109304.11,0.01105,109297.82,0.097,109304.12,0.0
2025-09-26 07:59:06.014000,109299.92,8.68631,109299.93,4.55082,109299.91,0.00025,109299.94,0.04233,109299.9,0.03156,109303.01,0.1601,109299.89,0.0001,109304.11,0.0,109298.78,0.0,109305.38,0.0
2025-09-26 07:59:07.014000,109299.92,8.81111,109299.93,0.45173,109299.91,0.0001,109299.94,0.04258,109299.9,0.03161,109300.0,0.00215,109299.89,0.0001,109300.01,0.0002,109299.09,0.0,109301.65,0.0
2025-09-26 07:59:08.014000,109299.92,8.81102,109299.93,0.0626,109299.91,0.0001,109299.94,0.04263,109299.01,0.0001,109300.45,5e-05,109298.71,0.0,109303.61,0.0,109298.27,0.0,109303.62,0.00028
2025-09-26 07:59:09.025000,109314.9,0.74412,109299.93,0.0,109314.61,0.2817,109299.94,0.0,109314.59,0.95934,109299.95,0.0,109314.54,1.0483,109299.99,0.0,109314.51,0.47883,109300.0,0.0
2025-09-26 07:59:10.014000,109324.17,16.31934,109314.91,0.0,109324.16,0.0001,109314.92,0.0,109324.09,0.0,109314.99,0.0,109324.02,0.7832,109315.18,0.0,109324.0,0.30167,109315.32,0.0
2025-09-26 07:59:11.014000,109324.17,16.35037,109324.18,1.59679,109324.16,0.0001,109324.19,0.04683,109324.15,0.0001,109324.26,0.0001,109324.14,0.03145,109326.57,0.10018,109324.13,0.0002,109326.93,0.0
2025-09-26 07:59:12.014000,109324.17,15.07174,109324.18,0.79788,109324.15,0.0,109324.19,0.04678,109324.14,0.03145,109325.6,5e-05,109324.13,0.00137,109325.81,0.00092,109324.12,0.0001,109328.77,0.03286
2025-09-26 07:59:13.014000,109324.17,10.60819,109324.18,0.56265,109324.15,0.0,109324.19,0.05364,109324.13,0.00137,109326.57,0.10018,109324.01,0.0,109326.73,0.0,109324.0,0.30167,109326.74,0.0
2025-09-26 07:59:14.014000,109324.17,10.47041,109324.18,1.29744,109324.15,0.0001,109324.19,0.04668,109324.01,0.0001,109324.26,0.0,109324.0,0.30167,109325.59,0.0,109322.77,0.0,109325.6,5e-05
2025-09-26 07:59:15.014000,109329.15,14.28967,109324.18,0.0,109329.14,0.37056,109324.19,0.0,109329.13,0.0001,109324.2,0.0,109329.01,0.0001,109324.67,0.0,109329.0,0.0217,109324.68,0.0
2025-09-26 07:59:16.014000,109329.15,14.22943,109329.16,1.42677,109329.14,0.30857,109329.17,0.00095,109328.95,2.47622,109333.55,0.01182,109328.84,0.00553,109333.6,0.0001,109328.76,0.0,109333.61,0.09025
2025-09-26 07:59:17.014000,109329.15,14.65183,109329.16,0.97157,109329.14,0.31039,109329.17,0.00095,109329.09,0.0001,109329.24,0.0001,109329.08,0.0001,109333.61,0.0001,109329.01,0.0001,109337.2,0.03944
2025-09-26 07:59:18.014000,109337.09,13.7663,109329.16,0.0,109337.08,0.03057,109329.17,0.0,109337.07,0.0001,109329.24,0.0,109337.02,0.0001,109329.99,0.0,109337.01,0.0001,109330.59,0.0
2025-09-26 07:59:19.014000,109342.01,19.55882,109337.1,0.0,109342.0,0.00191,109337.11,0.0,109341.99,0.0001,109337.18,0.0,109341.95,0.0001,109337.76,0.0,109341.94,0.0001,109338.14,0.0
2025-09-26 07:59:20.014000,109347.58,14.38039,109342.02,0.0,109347.57,0.0001,109342.03,0.0,109347.51,0.0001,109342.04,0.0,109347.48,0.0,109342.08,0.0,109346.52,0.0002,109342.1,0.0
2025-09-26 07:59:21.014000,109347.58,13.65112,109347.59,1.4157,109347.52,0.0001,109347.6,0.00095,109346.52,0.0001,109347.67,0.0001,109346.5,0.00015,109355.44,0.03428,109346.18,0.0,109357.03,0.0001
