timestamp,bid1,bid1_qty,ask1,ask1_qty,bid2,bid2_qty,ask2,ask2_qty,bid3,bid3_qty,ask3,ask3_qty,bid4,bid4_qty,ask4,ask4_qty,bid5,bid5_qty,ask5,ask5_qty
2025-09-25 15:38:23.694870+00:00,111690,0.48523087,111140,0.39902912,111680,7.16345851,111160,7.37696713,111660,0.89353741,111170,0.02294055,111650,0.47639133,111190,2.81655826,111640,0.89243015,111200,0.00469813
2025-09-25 15:38:23.866602+00:00,111690,0.48523087,111140,0.01233927,111680,7.16345851,111160,7.37696713,111660,0.89353741,111170,0.02294055,111650,0.47639133,111190,2.81655826,111640,0.89243015,111200,0.00469813
2025-09-25 15:38:24.067365+00:00,111690,0.48523087,111140,0.01233927,111680,7.16345851,111160,7.37696713,111660,0.89353741,111170,0.02294055,111650,0.47639133,111190,2.81646,111640,0.89243015,111200,0.00469813
2025-09-25 15:38:24.067365+00:00,111690,0.48523087,111140,0.01233927,111680,7.16345851,111160,7.37696713,111660,0.89353741,111170,0.02303883,111650,0.47639133,111190,2.81646,111640,0.89243015,111200,0.00469813
2025-09-25 15:38:26.212416+00:00,111690,0.48523087,111140,0.01233927,111680,7.16345851,111160,7.37696713,111660,0.89353741,111170,0.02303883,111650,0.47639133,111190,2.81646,111640,1.27692804,111200,0.00469813
2025-09-25 15:38:26.212416+00:00,111690,0.48523087,111140,0.01233927,111680,7.16345851,111160,7.37696713,111660,0.89353741,111170,0.02303883,111650,0.09189344,111190,2.81646,111640,1.27692804,111200,0.00469813
2025-09-25 15:38:26.213418+00:00,111690,0.48523087,111140,0.01233927,111680,7.61203938,111160,7.37696713,111660,0.89353741,111170,0.02303883,111650,0.09189344,111190,2.81646,111640,1.27692804,111200,0.00469813
2025-09-25 15:38:26.213418+00:00,111690,0.03665,111140,0.01233927,111680,7.61203938,111160,7.37696713,111660,0.89353741,111170,0.02303883,111650,0.09189344,111190,2.81646,111640,1.27692804,111200,0.00469813
2025-09-25 15:38:26.741035+00:00,111690,0.03665,111140,0.01233927,111680,7.61203938,111160,7.37696713,111660,0.89353741,111170,0.02294055,111650,0.09189344,111190,2.81646,111640,1.27692804,111200,0.00469813
2025-09-25 15:38:26.742050+00:00,111690,0.03665,111140,0.01243758,111680,7.61203938,111160,7.37696713,111660,0.89353741,111170,0.02294055,111650,0.09189344,111190,2.81646,111640,1.27692804,111200,0.00469813
2025-09-25 15:38:27.379648+00:00,111690,0.03665,111140,0.01243758,111680,7.61203938,111160,7.37696713,111660,0.89353741,111170,0.02294055,111650,0.09189344,111190,2.8164,111640,1.27692804,111200,0.00469813
2025-09-25 15:38:27.507826+00:00,111680,7.61203938,111140,0.01243758,111660,0.89353741,111160,7.37696713,111650,0.09189344,111170,0.02294055,111640,1.27692804,111190,2.8164,111630,0.07238331,111200,0.00469813
2025-09-25 15:38:28.236264+00:00,111660,0.89353741,111140,0.01243758,111650,0.09189344,111160,7.37696713,111640,1.27692804,111170,0.02294055,111630,0.07238331,111190,2.8164,111620,0.0004,111200,0.00469813
2025-09-25 15:38:28.237265+00:00,111670,0.44858087,111140,0.01243758,111660,0.89353741,111160,7.37696713,111650,0.09189344,111170,0.02294055,111640,1.27692804,111190,2.8164,111630,0.07238331,111200,0.00469813
2025-09-25 15:38:28.942126+00:00,111660,0.89353741,111140,0.01243758,111650,0.09189344,111160,7.37696713,111640,1.27692804,111170,0.02294055,111630,0.07238331,111190,2.8164,111620,0.0004,111200,0.00469813
2025-09-25 15:38:28.943108+00:00,111660,0.89353741,111140,0.39912743,111650,0.09189344,111160,7.37696713,111640,1.27692804,111170,0.02294055,111630,0.07238331,111190,2.8164,111620,0.0004,111200,0.00469813
2025-09-25 15:38:29.443071+00:00,111660,0.89353741,111140,0.39912743,111650,0.09189344,111160,7.37696713,111640,1.27692804,111170,0.02294055,111630,0.07238331,111190,2.8164,111620,0.5004,111200,0.00469813
2025-09-25 15:38:29.443071+00:00,111670,0.44858087,111140,0.39912743,111660,0.89353741,111160,7.37696713,111650,0.09189344,111170,0.02294055,111640,1.27692804,111190,2.8164,111630,0.07238331,111200,0.00469813
2025-09-25 15:38:30.092094+00:00,111670,0.44858087,111130,4.7691,111660,0.89353741,111140,0.39912743,111650,0.09189344,111160,7.37696713,111640,1.27692804,111170,0.02294055,111630,0.07238331,111190,2.8164
2025-09-25 15:38:30.527711+00:00,111670,0.44858087,111140,0.39912743,111660,0.89353741,111160,7.37696713,111650,0.09189344,111170,0.02294055,111640,1.27692804,111190,2.8164,111630,0.07238331,111200,0.00469813
2025-09-25 15:38:30.527711+00:00,111670,0.44858087,111140,0.39912743,111660,0.89353741,111160,7.37696713,111650,0.09189344,111170,0.02294055,111640,1.27692804,111190,1.3164,111630,0.07238331,111200,0.00469813
2025-09-25 15:38:30.940526+00:00,111670,0.44858087,111160,7.37696713,111660,0.89353741,111170,0.02294055,111650,0.09189344,111190,1.3164,111640,1.27692804,111200,0.00469813,111630,0.07238331,111210,1.5
2025-09-25 15:38:30.941510+00:00,111670,0.44858087,111150,9.83e-05,111660,0.89353741,111160,7.37696713,111650,0.09189344,111170,0.02294055,111640,1.27692804,111190,1.3164,111630,0.07238331,111200,0.00469813
2025-09-25 15:38:31.145917+00:00,111670,0.44858087,111150,9.83e-05,111660,0.0004,111160,7.37696713,111650,0.09189344,111170,0.02294055,111640,1.27692804,111190,1.3164,111630,0.07238331,111200,0.00469813
2025-09-25 15:38:31.559086+00:00,111660,0.0004,111150,9.83e-05,111650,0.09189344,111160,7.37696713,111640,1.27692804,111170,0.02294055,111630,0.07238331,111190,1.3164,111620,0.5004,111200,0.00469813
2025-09-25 15:38:31.560067+00:00,111660,0.0004,111140,0.39902912,111650,0.09189344,111150,9.83e-05,111640,1.27692804,111160,7.37696713,111630,0.07238331,111170,0.02294055,111620,0.5004,111190,1.3164
2025-09-25 15:38:31.794695+00:00,111660,0.0004,111130,4.7691,111650,0.09189344,111140,0.39902912,111640,1.27692804,111150,9.83e-05,111630,0.07238331,111160,7.37696713,111620,0.5004,111170,0.02294055
2025-09-25 15:38:31.795719+00:00,111660,0.0004,111130,4.7691,111650,0.09189344,111140,0.39902912,111640,0.38489789,111150,9.83e-05,111630,0.07238331,111160,7.37696713,111620,0.5004,111170,0.02294055
2025-09-25 15:38:31.795719+00:00,111670,1.34061102,111130,4.7691,111660,0.0004,111140,0.39902912,111650,0.09189344,111150,9.83e-05,111640,0.38489789,111160,7.37696713,111630,0.07238331,111170,0.02294055
2025-09-25 15:38:31.795719+00:00,111680,8.05659592,111130,4.7691,111670,1.34061102,111140,0.39902912,111660,0.0004,111150,9.83e-05,111650,0.09189344,111160,7.37696713,111640,0.38489789,111170,0.02294055
2025-09-25 15:38:32.016325+00:00,111670,1.34061102,111130,4.7691,111660,0.0004,111140,0.39902912,111650,0.09189344,111150,9.83e-05,111640,0.38489789,111160,7.37696713,111630,0.07238331,111170,0.02294055
2025-09-25 15:38:32.017324+00:00,111670,1.34061102,111130,4.7691,111660,0.0004,111140,0.39902912,111650,0.09189344,111150,9.83e-05,111640,0.38489789,111160,7.37696713,111630,0.78458331,111170,0.02294055
2025-09-25 15:38:32.018325+00:00,111670,1.34061102,111130,4.7691,111660,1.3484,111140,0.39902912,111650,0.09189344,111150,9.83e-05,111640,0.38489789,111160,7.37696713,111630,0.78458331,111170,0.02294055
2025-09-25 15:38:32.018325+00:00,111670,0.44858087,111130,4.7691,111660,1.3484,111140,0.39902912,111650,0.09189344,111150,9.83e-05,111640,0.38489789,111160,7.37696713,111630,0.78458331,111170,0.02294055
2025-09-25 15:38:32.238962+00:00,111660,1.3484,111130,4.7691,111650,0.09189344,111140,0.39902912,111640,0.38489789,111150,9.83e-05,111630,0.78458331,111160,7.37696713,111620,0.5004,111170,0.02294055
2025-09-25 15:38:32.239977+00:00,111660,1.3484,111130,5.21928453,111650,0.09189344,111140,0.39902912,111640,0.38489789,111150,9.83e-05,111630,0.78458331,111160,7.37696713,111620,0.5004,111170,0.02294055
2025-09-25 15:38:32.239977+00:00,111660,1.3484,111130,5.21928453,111650,0.09189344,111140,0.39902912,111640,0.38489789,111150,9.83e-05,111630,0.78458331,111160,7.37696713,111620,0.32081491,111170,0.02294055
2025-09-25 15:38:32.239977+00:00,111660,1.3484,111130,5.21928453,111650,0.09189344,111140,0.39902912,111640,0.38489789,111150,9.83e-05,111630,0.07238331,111160,7.37696713,111620,0.32081491,111170,0.02294055
2025-09-25 15:38:32.240987+00:00,111660,1.3484,111130,5.21928453,111650,0.09189344,111140,0.39902912,111640,0.5004,111150,9.83e-05,111630,0.07238331,111160,7.37696713,111620,0.32081491,111170,0.02294055
2025-09-25 15:38:32.240987+00:00,111660,1.3484,111130,5.21928453,111650,0.47639133,111140,0.39902912,111640,0.5004,111150,9.83e-05,111630,0.07238331,111160,7.37696713,111620,0.32081491,111170,0.02294055
2025-09-25 15:38:32.240987+00:00,111680,8.50517679,111130,5.21928453,111660,1.3484,111140,0.39902912,111650,0.47639133,111150,9.83e-05,111640,0.5004,111160,7.37696713,111630,0.07238331,111170,0.02294055
2025-09-25 15:38:32.452164+00:00,111660,1.3484,111130,5.21928453,111650,0.47639133,111140,0.39902912,111640,0.5004,111150,9.83e-05,111630,0.07238331,111160,7.37696713,111620,0.32081491,111170,0.02294055
2025-09-25 15:38:32.869712+00:00,111660,1.3484,111140,0.39902912,111650,0.47639133,111150,9.83e-05,111640,0.5004,111160,7.37696713,111630,0.07238331,111170,0.02294055,111620,0.32081491,111190,1.3164
2025-09-25 15:38:33.135107+00:00,111660,1.3484,111140,0.39902912,111650,0.47639133,111150,9.83e-05,111640,0.5004,111160,7.76365698,111630,0.07238331,111170,0.02294055,111620,0.32081491,111190,1.3164
2025-09-25 15:38:33.135107+00:00,111660,1.3484,111140,0.01233927,111650,0.47639133,111150,9.83e-05,111640,0.5004,111160,7.76365698,111630,0.07238331,111170,0.02294055,111620,0.32081491,111190,1.3164
2025-09-25 15:38:33.136108+00:00,111670,0.89203015,111140,0.01233927,111660,1.3484,111150,9.83e-05,111650,0.47639133,111160,7.76365698,111640,0.5004,111170,0.02294055,111630,0.07238331,111190,1.3164
2025-09-25 15:38:34.663084+00:00,111670,0.89203015,111140,0.01233927,111660,1.3484,111150,9.83e-05,111650,0.47639133,111160,7.76365698,111640,0.0004,111170,0.02294055,111630,0.07238331,111190,1.3164
2025-09-25 15:38:36.226991+00:00,111670,0.89203015,111140,0.01233927,111660,1.3484,111150,9.83e-05,111650,0.47639133,111160,7.76365698,111640,0.38489789,111170,0.02294055,111630,0.07238331,111190,1.3164
2025-09-25 15:38:36.226991+00:00,111670,0.89203015,111140,0.01233927,111660,1.3484,111150,9.83e-05,111650,0.09189344,111160,7.76365698,111640,0.38489789,111170,0.02294055,111630,0.07238331,111190,1.3164
2025-09-25 15:38:36.227994+00:00,111670,1.34061102,111140,0.01233927,111660,1.3484,111150,9.83e-05,111650,0.09189344,111160,7.76365698,111640,0.38489789,111170,0.02294055,111630,0.07238331,111190,1.3164
2025-09-25 15:38:36.908669+00:00,111670,1.34061102,111140,0.01233927,111660,1.3484,111150,9.83e-05,111650,0.98392359,111160,7.76365698,111640,0.38489789,111170,0.02294055,111630,0.07238331,111190,1.3164
2025-09-25 15:38:36.909665+00:00,111670,0.44858087,111140,0.01233927,111660,1.3484,111150,9.83e-05,111650,0.98392359,111160,7.76365698,111640,0.38489789,111170,0.02294055,111630,0.07238331,111190,1.3164
2025-09-25 15:38:37.342248+00:00,111670,0.44858087,111140,0.01233927,111660,1.3484,111160,7.76365698,111650,0.98392359,111170,0.02294055,111640,0.38489789,111190,1.3164,111630,0.07238331,111200,0.00469813
2025-09-25 15:38:37.342248+00:00,111670,0.44858087,111140,0.01233927,111660,1.3484,111160,7.76365698,111650,0.98392359,111170,0.02303883,111640,0.38489789,111190,1.3164,111630,0.07238331,111200,0.00469813
2025-09-25 15:38:37.343248+00:00,111670,0.44858087,111130,5.23336008,111660,1.3484,111140,0.01233927,111650,0.98392359,111160,7.76365698,111640,0.38489789,111170,0.02303883,111630,0.07238331,111190,1.3164
2025-09-25 15:38:37.944414+00:00,111680,7.16345851,111130,5.23336008,111670,0.44858087,111140,0.01233927,111660,1.3484,111160,7.76365698,111650,0.98392359,111170,0.02303883,111640,0.38489789,111190,1.3164
2025-09-25 15:38:38.144127+00:00,111680,7.16345851,111130,5.23336008,111670,1.34171828,111140,0.01233927,111660,1.3484,111160,7.76365698,111650,0.98392359,111170,0.02303883,111640,0.38489789,111190,1.3164
2025-09-25 15:38:38.569243+00:00,111680,7.16345851,111130,5.23336008,111670,1.34171828,111140,0.01233927,111660,1.35325038,111160,7.76365698,111650,0.98392359,111170,0.02303883,111640,0.38489789,111190,1.3164
2025-09-25 15:38:38.779383+00:00,111680,7.16345851,111130,5.23336008,111670,1.34171828,111140,0.01233927,111660,1.3484,111160,7.76365698,111650,0.98392359,111170,0.02303883,111640,0.38489789,111190,1.3164
2025-09-25 15:38:39.795821+00:00,111680,7.16345851,111140,0.01233927,111670,1.34171828,111160,7.76365698,111660,1.3484,111170,0.02303883,111650,0.98392359,111190,1.3164,111640,0.38489789,111200,0.00469813
2025-09-25 15:38:39.796833+00:00,111680,7.16345851,111140,0.01233927,111670,1.34171828,111160,7.76365698,111660,1.3484,111170,0.02303883,111650,0.98392359,111190,1.3164,111640,0.38489789,111200,1.50469813
2025-09-25 15:38:39.796833+00:00,111690,0.03665,111140,0.01233927,111680,7.16345851,111160,7.76365698,111670,1.34171828,111170,0.02303883,111660,1.3484,111190,1.3164,111650,0.98392359,111200,1.50469813
2025-09-25 15:38:39.995864+00:00,111690,0.03665,111160,7.76365698,111680,7.16345851,111170,0.02303883,111670,1.34171828,111190,1.3164,111660,1.3484,111200,1.50469813,111650,0.98392359,111210,0.4
2025-09-25 15:38:40.874239+00:00,111680,7.16345851,111160,7.76365698,111670,1.34171828,111170,0.02303883,111660,1.3484,111190,1.3164,111650,0.98392359,111200,1.50469813,111640,0.38489789,111210,0.4
2025-09-25 15:38:41.629823+00:00,111670,1.34171828,111160,7.76365698,111660,1.3484,111170,0.02303883,111650,0.98392359,111190,1.3164,111640,0.38489789,111200,1.50469813,111630,0.07238331,111210,0.4
2025-09-25 15:38:41.630599+00:00,111670,1.34171828,111160,7.76365698,111660,1.3484,111170,0.02294055,111650,0.98392359,111190,1.3164,111640,0.38489789,111200,1.50469813,111630,0.07238331,111210,0.4
2025-09-25 15:38:42.035780+00:00,111660,1.3484,111160,7.76365698,111650,0.98392359,111170,0.02294055,111640,0.38489789,111190,1.3164,111630,0.07238331,111200,1.50469813,111620,0.5004,111210,0.4
2025-09-25 15:38:42.035780+00:00,111660,1.3484,111150,9.83e-05,111650,0.98392359,111160,7.76365698,111640,0.38489789,111170,0.02294055,111630,0.07238331,111190,1.3164,111620,0.5004,111200,1.50469813
2025-09-25 15:38:42.036823+00:00,111660,0.0004,111150,9.83e-05,111650,0.98392359,111160,7.76365698,111640,0.38489789,111170,0.02294055,111630,0.07238331,111190,1.3164,111620,0.5004,111200,1.50469813
2025-09-25 15:38:42.211382+00:00,111670,1.34171828,111150,9.83e-05,111660,0.0004,111160,7.76365698,111650,0.98392359,111170,0.02294055,111640,0.38489789,111190,1.3164,111630,0.07238331,111200,1.50469813
2025-09-25 15:38:43.282198+00:00,111670,1.34171828,111160,7.76365698,111660,0.0004,111170,0.02294055,111650,0.98392359,111190,1.3164,111640,0.38489789,111200,1.50469813,111630,0.07238331,111210,0.4
2025-09-25 15:38:43.282198+00:00,111670,1.34171828,111160,7.76365698,111660,0.0004,111170,0.02294055,111650,0.98392359,111190,1.3164,111640,0.38489789,111200,0.00469813,111630,0.07238331,111210,0.4
2025-09-25 15:38:43.282198+00:00,111670,1.34171828,111160,7.76365698,111660,0.0004,111170,0.02294055,111650,0.98392359,111190,1.3164,111640,0.38489789,111200,0.00469813,111630,0.57238331,111210,0.4
2025-09-25 15:38:44.214782+00:00,111670,1.34171828,111160,7.76365698,111660,0.0004,111170,0.02294055,111650,0.98392359,111190,1.3164,111640,0.0004,111200,0.00469813,111630,0.57238331,111210,0.4
2025-09-25 15:38:44.215837+00:00,111670,1.34171828,111160,7.76365698,111660,0.32081491,111170,0.02294055,111650,0.98392359,111190,1.3164,111640,0.0004,111200,0.00469813,111630,0.57238331,111210,0.4
2025-09-25 15:38:44.215837+00:00,111670,0.89313741,111160,7.76365698,111660,0.32081491,111170,0.02294055,111650,0.98392359,111190,1.3164,111640,0.0004,111200,0.00469813,111630,0.57238331,111210,0.4
2025-09-25 15:38:45.011990+00:00,111670,0.89313741,111160,7.37696713,111660,0.32081491,111170,0.02294055,111650,0.98392359,111190,1.3164,111640,0.0004,111200,0.00469813,111630,0.57238331,111210,0.4
2025-09-25 15:38:45.209385+00:00,111660,0.32081491,111160,7.37696713,111650,0.98392359,111170,0.02294055,111640,0.0004,111190,1.3164,111630,0.57238331,111200,0.00469813,111620,0.0004,111210,0.4
2025-09-25 15:38:45.411714+00:00,111670,0.89313741,111160,7.37696713,111660,0.32081491,111170,0.02294055,111650,0.98392359,111190,1.3164,111640,0.0004,111200,0.00469813,111630,0.57238331,111210,0.4
2025-09-25 15:38:45.676199+00:00,111670,0.89313741,111160,7.37696713,111660,0.32041491,111170,0.02294055,111650,0.98392359,111190,1.3164,111640,0.0004,111200,0.00469813,111630,0.57238331,111210,0.4
2025-09-25 15:38:48.117009+00:00,111670,0.89313741,111160,7.37696713,111660,0.32041491,111170,0.02294055,111650,0.98392359,111190,1.3164,111640,0.0004,111210,0.4,111630,0.57238331,111220,1.5
2025-09-25 15:38:48.117009+00:00,111670,0.89313741,111150,9.83e-05,111660,0.32041491,111160,7.37696713,111650,0.98392359,111170,0.02294055,111640,0.0004,111190,1.3164,111630,0.57238331,111210,0.4
2025-09-25 15:38:48.286058+00:00,111670,0.89313741,111150,9.83e-05,111650,0.98392359,111160,7.37696713,111640,0.0004,111170,0.02294055,111630,0.57238331,111190,1.3164,111620,0.25673193,111210,0.4
2025-09-25 15:38:48.287062+00:00,111670,1.21355232,111150,9.83e-05,111650,0.98392359,111160,7.37696713,111640,0.0004,111170,0.02294055,111630,0.57238331,111190,1.3164,111620,0.25673193,111210,0.4
2025-09-25 15:38:48.288060+00:00,111680,7.16345851,111150,9.83e-05,111670,1.21355232,111160,7.37696713,111650,0.98392359,111170,0.02294055,111640,0.0004,111190,1.3164,111630,0.57238331,111210,0.4
2025-09-25 15:38:48.681718+00:00,111680,7.16345851,111140,0.01233927,111670,1.21355232,111150,9.83e-05,111650,0.98392359,111160,7.37696713,111640,0.0004,111170,0.02294055,111630,0.57238331,111190,1.3164
2025-09-25 15:38:48.682718+00:00,111680,7.16345851,111140,0.01233927,111670,1.21355232,111150,9.83e-05,111650,0.09189344,111160,7.37696713,111640,0.0004,111170,0.02294055,111630,0.57238331,111190,1.3164
2025-09-25 15:38:48.682718+00:00,111680,7.16345851,111140,0.01233927,111670,0.32041491,111150,9.83e-05,111650,0.09189344,111160,7.37696713,111640,0.0004,111170,0.02294055,111630,0.57238331,111190,1.3164
2025-09-25 15:38:49.636296+00:00,111680,7.16345851,111140,0.01233927,111670,0.32041491,111150,9.83e-05,111650,0.09189344,111160,7.37696713,111640,0.0004,111170,0.02294055,111630,0.82871524,111190,1.3164
2025-09-25 15:38:50.602943+00:00,111670,0.32041491,111140,0.01233927,111650,0.09189344,111150,9.83e-05,111640,0.0004,111160,7.37696713,111630,0.82871524,111170,0.02294055,111620,0.0004,111190,1.3164
2025-09-25 15:38:50.909152+00:00,111680,7.16345851,111140,0.01233927,111670,0.32041491,111150,9.83e-05,111650,0.09189344,111160,7.37696713,111640,0.0004,111170,0.02294055,111630,0.82871524,111190,1.3164
2025-09-25 15:38:51.199222+00:00,111670,0.32041491,111140,0.01233927,111650,0.09189344,111150,9.83e-05,111640,0.0004,111160,7.37696713,111630,0.82871524,111170,0.02294055,111620,0.0004,111190,1.3164
2025-09-25 15:38:51.377177+00:00,111670,0.32041491,111130,4.7691,111650,0.09189344,111140,0.01233927,111640,0.0004,111150,9.83e-05,111630,0.82871524,111160,7.37696713,111620,0.0004,111170,0.02294055
2025-09-25 15:38:51.377177+00:00,111680,7.16345851,111130,4.7691,111670,0.32041491,111140,0.01233927,111650,0.09189344,111150,9.83e-05,111640,0.0004,111160,7.37696713,111630,0.82871524,111170,0.02294055
2025-09-25 15:38:51.608366+00:00,111680,7.16345851,111130,4.7691,111670,0.32041491,111140,0.01233927,111650,0.09189344,111150,9.83e-05,111640,0.0004,111160,7.37696713,111630,0.32871524,111170,0.02294055
2025-09-25 15:38:51.608366+00:00,111680,7.16345851,111130,4.7691,111670,0.32041491,111140,0.01233927,111650,0.09189344,111150,9.83e-05,111640,0.5004,111160,7.37696713,111630,0.32871524,111170,0.02294055
2025-09-25 15:38:52.241808+00:00,111680,7.16345851,111120,0.38668985,111670,0.32041491,111130,4.7691,111650,0.09189344,111140,0.01233927,111640,0.5004,111150,9.83e-05,111630,0.32871524,111160,7.37696713
2025-09-25 15:38:52.241808+00:00,111680,7.16345851,111120,0.38668985,111670,0.32041491,111130,4.7691,111650,0.09189344,111140,0.01233927,111640,0.5004,111150,9.83e-05,111630,0.82871524,111160,7.37696713
2025-09-25 15:38:52.242729+00:00,111680,7.16345851,111120,0.38668985,111670,0.32041491,111130,4.7691,111650,0.09189344,111140,0.01233927,111640,0.0004,111150,9.83e-05,111630,0.82871524,111160,7.37696713
2025-09-25 15:38:52.438690+00:00,111680,7.16345851,111120,0.38668985,111650,0.09189344,111130,4.7691,111640,0.0004,111140,0.01233927,111630,0.82871524,111150,9.83e-05,111620,0.0004,111160,7.37696713
2025-09-25 15:38:52.439694+00:00,111680,7.48387342,111120,0.38668985,111650,0.09189344,111130,4.7691,111640,0.0004,111140,0.01233927,111630,0.82871524,111150,9.83e-05,111620,0.0004,111160,7.37696713
2025-09-25 15:38:52.440692+00:00,111690,0.03665,111120,0.38668985,111680,7.48387342,111130,4.7691,111650,0.09189344,111140,0.01233927,111640,0.0004,111150,9.83e-05,111630,0.82871524,111160,7.37696713
2025-09-25 15:38:52.587506+00:00,111690,0.03665,111120,0.38668985,111680,7.48387342,111130,4.7691,111650,0.09189344,111140,0.01233927,111640,0.0004,111150,9.83e-05,111630,0.84739524,111160,7.37696713
2025-09-25 15:38:52.587506+00:00,111690,0.01797,111120,0.38668985,111680,7.48387342,111130,4.7691,111650,0.09189344,111140,0.01233927,111640,0.0004,111150,9.83e-05,111630,0.84739524,111160,7.37696713
2025-09-25 15:38:53.798691+00:00,111690,0.01797,111120,0.38668985,111680,7.48387342,111130,4.7691,111650,0.09189344,111140,0.01233927,111640,0.0004,111150,9.83e-05,111630,0.59106331,111160,7.37696713
2025-09-25 15:38:54.478191+00:00,111690,0.01797,111120,0.38668985,111680,7.48387342,111140,0.01233927,111650,0.09189344,111150,9.83e-05,111640,0.0004,111160,7.37696713,111630,0.59106331,111170,0.02294055
2025-09-25 15:38:54.479191+00:00,111690,0.01797,111140,0.01233927,111680,7.48387342,111150,9.83e-05,111650,0.09189344,111160,7.37696713,111640,0.0004,111170,0.02294055,111630,0.59106331,111190,1.3164
2025-09-25 15:38:54.479191+00:00,111680,7.48387342,111140,0.01233927,111650,0.09189344,111150,9.83e-05,111640,0.0004,111160,7.37696713,111630,0.59106331,111170,0.02294055,111620,0.0004,111190,1.3164
2025-09-25 15:38:54.480192+00:00,111680,7.48387342,111140,0.01233927,111650,0.09189344,111150,0.45028283,111640,0.0004,111160,7.37696713,111630,0.59106331,111170,0.02294055,111620,0.0004,111190,1.3164
2025-09-25 15:38:54.480192+00:00,111680,7.48387342,111140,0.01233927,111650,0.09189344,111150,0.45028283,111640,0.0004,111160,7.37696713,111630,0.91147822,111170,0.02294055,111620,0.0004,111190,1.3164
2025-09-25 15:38:54.480192+00:00,111680,7.48387342,111140,0.01233927,111660,0.38449789,111150,0.45028283,111650,0.09189344,111160,7.37696713,111640,0.0004,111170,0.02294055,111630,0.91147822,111190,1.3164
2025-09-25 15:38:54.480192+00:00,111680,7.16345851,111140,0.01233927,111660,0.38449789,111150,0.45028283,111650,0.09189344,111160,7.37696713,111640,0.0004,111170,0.02294055,111630,0.91147822,111190,1.3164
2025-09-25 15:38:55.130001+00:00,111680,7.16345851,111140,0.01233927,111660,0.38449789,111160,7.37696713,111650,0.09189344,111170,0.02294055,111640,0.0004,111190,1.3164,111630,0.91147822,111210,1.9
2025-09-25 15:38:55.131004+00:00,111680,7.16345851,111160,7.37696713,111660,0.38449789,111170,0.02294055,111650,0.09189344,111190,1.3164,111640,0.0004,111210,1.9,111630,0.91147822,111220,1.34891537
2025-09-25 15:38:55.131004+00:00,111680,7.16345851,111160,7.37696713,111660,0.38449789,111170,0.02294055,111650,0.09189344,111190,1.3164,111640,0.0004,111210,0.4,111630,0.91147822,111220,1.34891537
2025-09-25 15:38:55.132005+00:00,111680,7.16345851,111160,7.37696713,111660,0.38449789,111170,0.02294055,111650,0.09189344,111190,1.3164,111640,0.0004,111200,1.5,111630,0.91147822,111210,0.4
2025-09-25 15:38:55.132005+00:00,111680,7.16345851,111160,7.37696713,111660,0.38449789,111170,0.02294055,111650,0.09189344,111180,0.38668985,111640,0.0004,111190,1.3164,111630,0.91147822,111200,1.5
2025-09-25 15:38:55.132005+00:00,111680,7.16345851,111160,7.37696713,111660,0.38449789,111170,0.02294055,111650,0.09189344,111180,0.38668985,111640,0.0004,111190,1.3164,111630,0.91100329,111200,1.5
2025-09-25 15:38:55.754059+00:00,111660,0.38449789,111160,7.37696713,111650,0.09189344,111170,0.02294055,111640,0.0004,111180,0.38668985,111630,0.91100329,111190,1.3164,111620,0.0004,111200,1.5
2025-09-25 15:38:56.403409+00:00,111650,0.09189344,111160,7.37696713,111640,0.0004,111170,0.02294055,111630,0.91100329,111180,0.38668985,111620,0.0004,111190,1.3164,111610,0.16628838,111200,1.5
2025-09-25 15:38:56.403409+00:00,111650,0.09189344,111160,7.37696713,111640,0.0004,111170,0.02294055,111630,0.91100329,111180,0.38668985,111620,0.32081491,111190,1.3164,111610,0.16628838,111200,1.5
2025-09-25 15:38:56.403409+00:00,111650,0.09189344,111160,7.37696713,111640,0.0004,111170,0.02294055,111630,0.59058838,111180,0.38668985,111620,0.32081491,111190,1.3164,111610,0.16628838,111200,1.5
2025-09-25 15:38:56.404410+00:00,111650,0.47639133,111160,7.37696713,111640,0.0004,111170,0.02294055,111630,0.59058838,111180,0.38668985,111620,0.32081491,111190,1.3164,111610,0.16628838,111200,1.5
2025-09-25 15:38:56.404410+00:00,111680,7.16345851,111160,7.37696713,111650,0.47639133,111170,0.02294055,111640,0.0004,111180,0.38668985,111630,0.59058838,111190,1.3164,111620,0.32081491,111200,1.5
2025-09-25 15:38:56.718820+00:00,111680,7.16345851,111160,7.37696713,111650,0.47639133,111170,0.02294055,111640,0.0004,111180,0.38668985,111630,0.59058838,111190,1.3164,111620,0.32081491,111210,0.4
2025-09-25 15:38:56.718820+00:00,111680,7.16345851,111160,7.37696713,111650,0.47639133,111170,0.02294055,111640,0.0004,111180,0.38668985,111630,0.59058838,111190,1.3164,111620,0.32081491,111210,1.9
2025-09-25 15:38:56.718820+00:00,111680,7.16345851,111150,0.45028283,111650,0.47639133,111160,7.37696713,111640,0.0004,111170,0.02294055,111630,0.59058838,111180,0.38668985,111620,0.32081491,111190,1.3164
2025-09-25 15:38:56.719840+00:00,111680,7.16345851,111150,0.45028283,111650,0.47639133,111160,7.37696713,111640,0.0004,111170,0.02294055,111630,0.59058838,111180,0.38668985,111620,0.82081491,111190,1.3164
2025-09-25 15:38:56.719840+00:00,111680,7.16345851,111150,0.45028283,111650,0.47639133,111160,7.37696713,111640,0.0004,111170,0.02294055,111630,0.09058838,111180,0.38668985,111620,0.82081491,111190,1.3164
2025-09-25 15:38:57.502916+00:00,111690,0.46655087,111150,0.45028283,111680,7.16345851,111160,7.37696713,111650,0.47639133,111170,0.02294055,111640,0.0004,111180,0.38668985,111630,0.09058838,111190,1.3164
2025-09-25 15:38:57.912736+00:00,111680,7.16345851,111150,0.45028283,111650,0.47639133,111160,7.37696713,111640,0.0004,111170,0.02294055,111630,0.09058838,111180,0.38668985,111620,0.82081491,111190,1.3164
2025-09-25 15:38:59.179053+00:00,111680,7.16345851,111150,0.45028283,111650,0.47639133,111160,7.37696713,111640,0.0004,111170,0.02294055,111630,0.09058838,111190,1.3164,111620,0.82081491,111210,1.9
2025-09-25 15:38:59.179955+00:00,111680,7.16345851,111150,0.45028283,111650,0.47639133,111160,7.37696713,111640,0.0004,111170,0.02294055,111630,0.09058838,111190,1.70308985,111620,0.82081491,111210,1.9
2025-09-25 15:38:59.179955+00:00,111680,7.16345851,111140,0.01233927,111650,0.47639133,111150,0.45028283,111640,0.0004,111160,7.37696713,111630,0.09058838,111170,0.02294055,111620,0.82081491,111190,1.70308985
2025-09-25 15:38:59.400205+00:00,111680,7.16345851,111150,0.45028283,111650,0.47639133,111160,7.37696713,111640,0.0004,111170,0.02294055,111630,0.09058838,111190,1.70308985,111620,0.82081491,111210,1.9
2025-09-25 15:38:59.400205+00:00,111680,7.16345851,111150,0.45028283,111650,0.47639133,111160,7.37696713,111640,0.0004,111170,0.02294055,111630,0.09058838,111190,1.70308985,111620,0.82081491,111210,0.4
2025-09-25 15:38:59.401212+00:00,111680,7.16345851,111150,0.45028283,111650,0.47639133,111160,7.37696713,111640,0.0004,111170,0.02294055,111630,0.09058838,111190,1.70308985,111620,0.82081491,111200,1.5
2025-09-25 15:38:59.401212+00:00,111680,7.16345851,111150,0.45028283,111650,0.47639133,111160,7.37696713,111640,0.0004,111170,0.02294055,111630,0.09058838,111190,1.70308985,111620,0.32081491,111200,1.5
2025-09-25 15:38:59.401212+00:00,111690,0.46655087,111150,0.45028283,111680,7.16345851,111160,7.37696713,111650,0.47639133,111170,0.02294055,111640,0.0004,111190,1.70308985,111630,0.09058838,111200,1.5
2025-09-25 15:39:00.098454+00:00,111680,7.16345851,111150,0.45028283,111650,0.47639133,111160,7.37696713,111640,0.0004,111170,0.02294055,111630,0.09058838,111190,1.70308985,111620,0.32081491,111200,1.5
2025-09-25 15:39:00.509868+00:00,111680,7.16345851,111140,0.01233927,111650,0.47639133,111150,0.45028283,111640,0.0004,111160,7.37696713,111630,0.09058838,111170,0.02294055,111620,0.32081491,111190,1.70308985
2025-09-25 15:39:00.708280+00:00,111680,7.16345851,111140,0.01233927,111650,0.47639133,111150,0.45028283,111640,0.0004,111160,7.4004217,111630,0.09058838,111170,0.02294055,111620,0.32081491,111190,1.70308985
2025-09-25 15:39:01.260022+00:00,111680,7.16345851,111150,0.45028283,111650,0.47639133,111160,7.4004217,111640,0.0004,111170,0.02294055,111630,0.09058838,111190,1.70308985,111620,0.32081491,111200,1.5
2025-09-25 15:39:01.260022+00:00,111680,7.16345851,111150,0.45028283,111650,0.47639133,111160,7.4004217,111640,0.0004,111170,0.02294055,111630,0.09058838,111190,1.3164,111620,0.32081491,111200,1.5
2025-09-25 15:39:01.260022+00:00,111680,7.16345851,111150,0.45028283,111650,0.47639133,111160,7.4004217,111640,0.0004,111170,0.02294055,111630,0.09058838,111180,0.38668985,111620,0.32081491,111190,1.3164
2025-09-25 15:39:01.465211+00:00,111690,0.46655087,111150,0.45028283,111680,7.16345851,111160,7.4004217,111650,0.47639133,111170,0.02294055,111640,0.0004,111180,0.38668985,111630,0.09058838,111190,1.3164
2025-09-25 15:39:02.116012+00:00,111690,0.46655087,111150,0.45028283,111680,7.16345851,111170,0.02294055,111650,0.47639133,111180,0.38668985,111640,0.0004,111190,1.3164,111630,0.09058838,111200,1.5
2025-09-25 15:39:02.116012+00:00,111690,0.46655087,111170,0.02294055,111680,7.16345851,111180,0.38668985,111650,0.47639133,111190,1.3164,111640,0.0004,111200,1.5,111630,0.09058838,111210,1.74906071
2025-09-25 15:39:02.117034+00:00,111690,0.46655087,111170,0.02294055,111680,7.16345851,111180,0.38668985,111650,0.47639133,111190,1.3164,111640,0.0004,111200,1.5,111630,0.09058838,111210,0.4
2025-09-25 15:39:02.117034+00:00,111690,0.46655087,111170,0.02294055,111680,7.16708421,111180,0.38668985,111650,0.47639133,111190,1.3164,111640,0.0004,111200,1.5,111630,0.09058838,111210,0.4
2025-09-25 15:39:02.310896+00:00,111680,7.16708421,111170,0.02294055,111650,0.47639133,111180,0.38668985,111640,0.0004,111190,1.3164,111630,0.09058838,111200,1.5,111620,0.32081491,111210,0.4
2025-09-25 15:39:02.310896+00:00,111680,7.16708421,111170,0.02294055,111650,0.47639133,111180,0.38668985,111640,0.0004,111190,1.3164,111630,0.09058838,111200,1.5,111620,0.82081491,111210,0.4
2025-09-25 15:39:02.312020+00:00,111680,7.16345851,111170,0.02294055,111650,0.47639133,111180,0.38668985,111640,0.0004,111190,1.3164,111630,0.09058838,111200,1.5,111620,0.82081491,111210,0.4
2025-09-25 15:39:04.122738+00:00,111680,7.16345851,111170,0.02303883,111650,0.47639133,111180,0.38668985,111640,0.0004,111190,1.3164,111630,0.09058838,111200,1.5,111620,0.82081491,111210,0.4
2025-09-25 15:39:04.319149+00:00,111680,7.16345851,111170,0.02303883,111650,0.47639133,111180,0.38668985,111640,0.0004,111190,1.3164,111630,0.09058838,111210,0.4,111620,0.82081491,111220,1.34893436
2025-09-25 15:39:04.319149+00:00,111680,7.16345851,111170,0.02303883,111650,0.47639133,111180,0.38668985,111640,0.0004,111190,1.3164,111630,0.09058838,111210,1.9,111620,0.82081491,111220,1.34893436
2025-09-25 15:39:04.320157+00:00,111680,7.16345851,111160,7.4004217,111650,0.47639133,111170,0.02303883,111640,0.0004,111180,0.38668985,111630,0.09058838,111190,1.3164,111620,0.82081491,111210,1.9
2025-09-25 15:39:04.523104+00:00,111650,0.47639133,111160,7.4004217,111640,0.0004,111170,0.02303883,111630,0.09058838,111180,0.38668985,111620,0.82081491,111190,1.3164,111610,0.16628838,111210,1.9
2025-09-25 15:39:04.524103+00:00,111650,0.47639133,111160,7.4004217,111640,0.0004,111170,0.02303883,111630,0.09058838,111180,0.38668985,111620,0.5004,111190,1.3164,111610,0.16628838,111210,1.9
2025-09-25 15:39:04.524103+00:00,111650,0.47639133,111160,7.4004217,111640,0.0004,111170,0.02303883,111630,0.41100329,111180,0.38668985,111620,0.5004,111190,1.3164,111610,0.16628838,111210,1.9
2025-09-25 15:39:04.525103+00:00,111650,0.09189344,111160,7.4004217,111640,0.0004,111170,0.02303883,111630,0.41100329,111180,0.38668985,111620,0.5004,111190,1.3164,111610,0.16628838,111210,1.9
2025-09-25 15:39:04.525103+00:00,111660,0.38449789,111160,7.4004217,111650,0.09189344,111170,0.02303883,111640,0.0004,111180,0.38668985,111630,0.41100329,111190,1.3164,111620,0.5004,111210,1.9
2025-09-25 15:39:05.296046+00:00,111660,0.38449789,111160,7.4004217,111650,0.09189344,111170,0.02303883,111640,0.0004,111190,1.3164,111630,0.41100329,111210,1.9,111620,0.5004,111220,1.34893436
2025-09-25 15:39:05.296046+00:00,111660,0.38449789,111150,0.45018453,111650,0.09189344,111160,7.4004217,111640,0.0004,111170,0.02303883,111630,0.41100329,111190,1.3164,111620,0.5004,111210,1.9
2025-09-25 15:39:05.759741+00:00,111660,0.38449789,111150,0.45018453,111650,0.09189344,111160,7.4004217,111640,0.25673193,111170,0.02303883,111630,0.41100329,111190,1.3164,111620,0.5004,111210,1.9
2025-09-25 15:39:06.415592+00:00,111660,0.38449789,111160,7.4004217,111650,0.09189344,111170,0.02303883,111640,0.25673193,111190,1.3164,111630,0.41100329,111210,1.9,111620,0.5004,111220,1.34893436
2025-09-25 15:39:06.416601+00:00,111650,0.09189344,111160,7.4004217,111640,0.25673193,111170,0.02303883,111630,0.41100329,111190,1.3164,111620,0.5004,111210,1.9,111610,0.37455807,111220,1.34893436
2025-09-25 15:39:06.417602+00:00,111650,0.09189344,111140,0.01233927,111640,0.25673193,111160,7.4004217,111630,0.41100329,111170,0.02303883,111620,0.5004,111190,1.3164,111610,0.37455807,111210,1.9
2025-09-25 15:39:06.417602+00:00,111650,0.09189344,111140,0.01233927,111640,0.25673193,111160,7.4004217,111630,0.09058838,111170,0.02303883,111620,0.5004,111190,1.3164,111610,0.37455807,111210,1.9
2025-09-25 15:39:06.417602+00:00,111680,7.48387342,111140,0.01233927,111650,0.09189344,111160,7.4004217,111640,0.25673193,111170,0.02303883,111630,0.09058838,111190,1.3164,111620,0.5004,111210,1.9
2025-09-25 15:39:08.630417+00:00,111680,7.48387342,111160,7.4004217,111650,0.09189344,111170,0.02303883,111640,0.25673193,111190,1.3164,111630,0.09058838,111210,1.9,111620,0.5004,111220,1.34893436
2025-09-25 15:39:08.631418+00:00,111680,7.48387342,111160,7.4004217,111650,0.09189344,111170,0.02294055,111640,0.25673193,111190,1.3164,111630,0.09058838,111210,1.9,111620,0.5004,111220,1.34893436
2025-09-25 15:39:08.631418+00:00,111680,7.48387342,111150,9.83e-05,111650,0.09189344,111160,7.4004217,111640,0.25673193,111170,0.02294055,111630,0.09058838,111190,1.3164,111620,0.5004,111210,1.9
2025-09-25 15:39:11.351204+00:00,111690,0.01797,111150,9.83e-05,111680,7.48387342,111160,7.4004217,111650,0.09189344,111170,0.02294055,111640,0.25673193,111190,1.3164,111630,0.09058838,111210,1.9
2025-09-25 15:39:11.551351+00:00,111680,7.48387342,111150,9.83e-05,111650,0.09189344,111160,7.4004217,111640,0.25673193,111170,0.02294055,111630,0.09058838,111190,1.3164,111620,0.5004,111210,1.9
2025-09-25 15:39:12.411522+00:00,111680,7.16345851,111150,9.83e-05,111650,0.09189344,111160,7.4004217,111640,0.25673193,111170,0.02294055,111630,0.09058838,111190,1.3164,111620,0.5004,111210,1.9
2025-09-25 15:39:12.993068+00:00,111680,7.16345851,111160,7.4004217,111650,0.09189344,111170,0.02294055,111640,0.25673193,111190,1.3164,111630,0.09058838,111210,1.9,111620,0.5004,111220,1.34893436
2025-09-25 15:39:12.994202+00:00,111680,7.16345851,111160,7.4004217,111650,0.09189344,111170,0.02303883,111640,0.25673193,111190,1.3164,111630,0.09058838,111210,1.9,111620,0.5004,111220,1.34893436
2025-09-25 15:39:12.994202+00:00,111680,7.16345851,111140,0.01233927,111650,0.09189344,111160,7.4004217,111640,0.25673193,111170,0.02303883,111630,0.09058838,111190,1.3164,111620,0.5004,111210,1.9
2025-09-25 15:39:13.721358+00:00,111680,7.16345851,111140,0.01233927,111650,0.09189344,111160,7.4004217,111640,0.0004,111170,0.02303883,111630,0.09058838,111190,1.3164,111620,0.5004,111210,1.9
2025-09-25 15:39:13.721358+00:00,111680,7.16345851,111140,0.01233927,111650,0.34822537,111160,7.4004217,111640,0.0004,111170,0.02303883,111630,0.09058838,111190,1.3164,111620,0.5004,111210,1.9
2025-09-25 15:39:13.927392+00:00,111680,7.16345851,111130,5.15578985,111650,0.34822537,111140,0.01233927,111640,0.0004,111160,7.4004217,111630,0.09058838,111170,0.02303883,111620,0.5004,111190,1.3164
2025-09-25 15:39:13.928407+00:00,111690,0.33838491,111130,5.15578985,111680,7.16345851,111140,0.01233927,111650,0.34822537,111160,7.4004217,111640,0.0004,111170,0.02303883,111630,0.09058838,111190,1.3164
2025-09-25 15:39:13.928407+00:00,111710,4.75672365,111130,5.15578985,111690,0.33838491,111140,0.01233927,111680,7.16345851,111160,7.4004217,111650,0.34822537,111170,0.02303883,111640,0.0004,111190,1.3164
2025-09-25 15:39:14.208511+00:00,111710,4.75672365,111130,5.15578985,111680,7.16345851,111140,0.01233927,111650,0.34822537,111160,7.4004217,111640,0.0004,111170,0.02303883,111630,0.09058838,111190,1.3164
2025-09-25 15:39:14.208511+00:00,111680,7.16345851,111130,5.15578985,111650,0.34822537,111140,0.01233927,111640,0.0004,111160,7.4004217,111630,0.09058838,111170,0.02303883,111620,0.5004,111190,1.3164
2025-09-25 15:39:15.036831+00:00,111680,7.16345851,111130,5.15578985,111650,0.34822537,111140,0.01233927,111640,0.0004,111160,7.4004217,111630,0.09058838,111170,0.02303883,111620,0.0004,111190,1.3164
2025-09-25 15:39:15.037817+00:00,111680,7.16345851,111130,5.15578985,111650,0.34822537,111140,0.01233927,111640,0.0004,111160,7.4004217,111630,0.59058838,111170,0.02303883,111620,0.0004,111190,1.3164
2025-09-25 15:39:15.234604+00:00,111680,7.16345851,111140,0.01233927,111650,0.34822537,111160,7.4004217,111640,0.0004,111170,0.02303883,111630,0.59058838,111190,1.3164,111620,0.0004,111210,1.9
2025-09-25 15:39:15.235590+00:00,111680,7.16345851,111140,0.01233927,111650,0.34822537,111160,7.4004217,111640,0.0004,111170,0.02303883,111630,0.59058838,111190,1.3164,111620,0.0004,111200,0.38668985
2025-09-25 15:39:15.235590+00:00,111690,0.33838491,111140,0.01233927,111680,7.16345851,111160,7.4004217,111650,0.34822537,111170,0.02303883,111640,0.0004,111190,1.3164,111630,0.59058838,111200,0.38668985
2025-09-25 15:39:15.871784+00:00,111690,0.33838491,111140,0.01233927,111680,7.16345851,111160,7.4004217,111650,0.09189344,111170,0.02303883,111640,0.0004,111190,1.3164,111630,0.59058838,111200,0.38668985
2025-09-25 15:39:16.475180+00:00,111680,7.16345851,111140,0.01233927,111650,0.09189344,111160,7.4004217,111640,0.0004,111170,0.02303883,111630,0.59058838,111190,1.3164,111620,0.0004,111200,0.38668985
2025-09-25 15:39:16.476180+00:00,111680,7.16345851,111140,0.01233927,111650,0.09189344,111160,7.4004217,111640,0.0004,111170,0.47322336,111630,0.59058838,111190,1.3164,111620,0.0004,111200,0.38668985
2025-09-25 15:39:16.476180+00:00,111680,7.16345851,111140,0.01233927,111650,0.09189344,111160,7.4004217,111640,0.32081491,111170,0.47322336,111630,0.59058838,111190,1.3164,111620,0.0004,111200,0.38668985
2025-09-25 15:39:16.477180+00:00,111680,7.16345851,111140,0.01233927,111670,0.38449789,111160,7.4004217,111650,0.09189344,111170,0.47322336,111640,0.32081491,111190,1.3164,111630,0.59058838,111200,0.38668985
2025-09-25 15:39:17.756367+00:00,111680,7.16345851,111130,4.7691,111670,0.38449789,111140,0.01233927,111650,0.09189344,111160,7.4004217,111640,0.32081491,111170,0.47322336,111630,0.59058838,111190,1.3164
2025-09-25 15:39:17.757410+00:00,111690,0.01797,111130,4.7691,111680,7.16345851,111140,0.01233927,111670,0.38449789,111160,7.4004217,111650,0.09189344,111170,0.47322336,111640,0.32081491,111190,1.3164
2025-09-25 15:39:17.757410+00:00,111700,0.44858087,111130,4.7691,111690,0.01797,111140,0.01233927,111680,7.16345851,111160,7.4004217,111670,0.38449789,111170,0.47322336,111650,0.09189344,111190,1.3164
2025-09-25 15:39:18.093539+00:00,111700,0.44858087,111130,4.7691,111690,0.01797,111140,0.01233927,111680,7.16345851,111170,0.47322336,111670,0.38449789,111190,1.3164,111650,0.09189344,111200,0.38668985
2025-09-25 15:39:18.094544+00:00,111700,0.44858087,111130,4.7691,111690,0.01797,111170,0.47322336,111680,7.16345851,111190,1.3164,111670,0.38449789,111200,0.38668985,111650,0.09189344,111210,1.9
2025-09-25 15:39:18.094544+00:00,111700,0.44858087,111170,0.47322336,111690,0.01797,111190,1.3164,111680,7.16345851,111200,0.38668985,111670,0.38449789,111210,1.9,111650,0.09189344,111230,0.00469641
2025-09-25 15:39:18.095545+00:00,111710,4.75672365,111170,0.47322336,111700,0.44858087,111190,1.3164,111690,0.01797,111200,0.38668985,111680,7.16345851,111210,1.9,111670,0.38449789,111230,0.00469641
2025-09-25 15:39:18.299148+00:00,111710,4.75672365,111170,0.47322336,111700,0.44858087,111200,0.38668985,111690,0.01797,111210,1.9,111680,7.16345851,111230,0.00469641,111670,0.38449789,111260,1.36882236
2025-09-25 15:39:18.299148+00:00,111700,0.44858087,111170,0.47322336,111690,0.01797,111200,0.38668985,111680,7.16345851,111210,1.9,111670,0.38449789,111230,0.00469641,111650,0.09189344,111260,1.36882236
2025-09-25 15:39:18.300011+00:00,111700,0.44858087,111170,0.47322336,111690,0.01797,111200,0.38668985,111680,7.16345851,111210,1.9,111670,0.38449789,111230,0.00475641,111650,0.09189344,111260,1.36882236
2025-09-25 15:39:18.300011+00:00,111700,0.44858087,111160,7.4004217,111690,0.01797,111170,0.47322336,111680,7.16345851,111200,0.38668985,111670,0.38449789,111210,1.9,111650,0.09189344,111230,0.00475641
2025-09-25 15:39:18.300011+00:00,111700,0.44858087,111140,0.01233927,111690,0.01797,111160,7.4004217,111680,7.16345851,111170,0.47322336,111670,0.38449789,111200,0.38668985,111650,0.09189344,111210,1.9
2025-09-25 15:39:18.301010+00:00,111700,0.44858087,111140,0.01233927,111690,0.01797,111160,7.4004217,111680,8.05548866,111170,0.47322336,111670,0.38449789,111200,0.38668985,111650,0.09189344,111210,1.9
2025-09-25 15:39:18.301010+00:00,111700,0.44858087,111140,0.01233927,111690,0.91110741,111160,7.4004217,111680,8.05548866,111170,0.47322336,111670,0.38449789,111200,0.38668985,111650,0.09189344,111210,1.9
2025-09-25 15:39:18.507329+00:00,111700,0.44858087,111160,7.4004217,111690,0.91110741,111170,0.47322336,111680,8.05548866,111200,0.38668985,111670,0.38449789,111210,1.9,111650,0.09189344,111230,0.00475641
2025-09-25 15:39:18.508328+00:00,111700,0.44858087,111160,7.4004217,111690,0.91110741,111170,0.47322336,111680,8.05548866,111200,0.38668985,111650,0.09189344,111210,1.9,111640,0.32081491,111230,0.00475641
2025-09-25 15:39:18.508328+00:00,111700,0.44858087,111160,7.4004217,111690,0.91110741,111170,0.47322336,111680,8.05548866,111200,0.38668985,111650,0.09189344,111210,1.9,111640,0.0004,111230,0.00475641
2025-09-25 15:39:18.509348+00:00,111700,0.44858087,111160,7.4004217,111690,0.91110741,111170,0.47322336,111680,8.05548866,111200,0.38668985,111660,0.32041491,111210,1.9,111650,0.09189344,111230,0.00475641
2025-09-25 15:39:18.509348+00:00,111700,0.38449789,111160,7.4004217,111690,0.91110741,111170,0.47322336,111680,8.05548866,111200,0.38668985,111660,0.32041491,111210,1.9,111650,0.09189344,111230,0.00475641
2025-09-25 15:39:18.509348+00:00,111710,4.75672325,111160,7.4004217,111700,0.38449789,111170,0.47322336,111690,0.91110741,111200,0.38668985,111680,8.05548866,111210,1.9,111660,0.32041491,111230,0.00475641
2025-09-25 15:39:18.784352+00:00,111710,4.75672325,111170,0.47322336,111700,0.38449789,111200,0.38668985,111690,0.91110741,111210,1.9,111680,8.05548866,111230,0.00475641,111660,0.32041491,111260,1.36882236
2025-09-25 15:39:18.785352+00:00,111710,4.75672325,111170,0.47322336,111700,0.38449789,111200,0.38668985,111690,0.91110741,111210,1.9,111680,8.05548866,111230,0.00475641,111660,0.32041491,111240,1.5
2025-09-25 15:39:18.785352+00:00,111710,4.75672325,111170,0.47322336,111700,0.38449789,111200,0.38668985,111690,0.91110741,111210,0.4,111680,8.05548866,111230,0.00475641,111660,0.32041491,111240,1.5
2025-09-25 15:39:19.362688+00:00,111710,4.75672325,111170,0.47322336,111700,0.38449789,111210,0.4,111690,0.91110741,111230,0.00475641,111680,8.05548866,111240,1.5,111660,0.32041491,111260,1.36882236
2025-09-25 15:39:19.362688+00:00,111710,4.75672325,111170,0.47322336,111700,0.38449789,111210,0.78668985,111690,0.91110741,111230,0.00475641,111680,8.05548866,111240,1.5,111660,0.32041491,111260,1.36882236
2025-09-25 15:39:19.362688+00:00,111710,4.75672325,111160,7.4004217,111700,0.38449789,111170,0.47322336,111690,0.91110741,111210,0.78668985,111680,8.05548866,111230,0.00475641,111660,0.32041491,111240,1.5
2025-09-25 15:39:19.363687+00:00,111710,4.75672325,111140,0.01233927,111700,0.38449789,111160,7.4004217,111690,0.91110741,111170,0.47322336,111680,8.05548866,111210,0.78668985,111660,0.32041491,111230,0.00475641
2025-09-25 15:39:19.565094+00:00,111710,4.75672325,111160,7.4004217,111700,0.38449789,111170,0.47322336,111690,0.91110741,111210,0.78668985,111680,8.05548866,111230,0.00475641,111660,0.32041491,111240,1.5
2025-09-25 15:39:20.471011+00:00,111710,4.75672325,111160,7.4004217,111700,0.38449789,111170,0.47322336,111690,0.91110741,111210,0.78668985,111680,8.05548866,111230,0.00475641,111650,0.59189344,111240,1.5
2025-09-25 15:39:20.472016+00:00,111710,4.75672325,111160,7.4004217,111700,0.38449789,111170,0.47322336,111690,0.91110741,111210,0.78668985,111680,8.05548866,111230,0.00475641,111670,0.32041491,111240,1.5
2025-09-25 15:39:20.472988+00:00,111710,4.75672325,111160,7.4004217,111700,0.38449789,111170,0.47322336,111690,0.91110741,111210,0.78668985,111680,7.16345851,111230,0.00475641,111670,0.32041491,111240,1.5
2025-09-25 15:39:20.472988+00:00,111710,4.75672325,111160,7.4004217,111700,0.38449789,111170,0.47322336,111690,0.01797,111210,0.78668985,111680,7.16345851,111230,0.00475641,111670,0.32041491,111240,1.5
2025-09-25 15:39:20.472988+00:00,111710,4.75672325,111160,7.4004217,111700,1.27652804,111170,0.47322336,111690,0.01797,111210,0.78668985,111680,7.16345851,111230,0.00475641,111670,0.32041491,111240,1.5
2025-09-25 15:39:20.472988+00:00,111710,5.64986066,111160,7.4004217,111700,1.27652804,111170,0.47322336,111690,0.01797,111210,0.78668985,111680,7.16345851,111230,0.00475641,111670,0.32041491,111240,1.5
2025-09-25 15:39:20.676423+00:00,111710,4.75672325,111160,7.4004217,111700,1.27652804,111170,0.47322336,111690,0.01797,111210,0.78668985,111680,7.16345851,111230,0.00475641,111670,0.32041491,111240,1.5
2025-09-25 15:39:20.871410+00:00,111700,1.27652804,111160,7.4004217,111690,0.01797,111170,0.47322336,111680,7.16345851,111210,0.78668985,111670,0.32041491,111230,0.00475641,111650,0.59189344,111240,1.5
2025-09-25 15:39:20.872417+00:00,111700,1.27652804,111160,7.4004217,111690,0.01797,111170,0.47322336,111680,7.16345851,111210,0.78668985,111670,0.32041491,111230,0.00475641,111650,0.09189344,111240,1.5
2025-09-25 15:39:20.872417+00:00,111700,1.27652804,111160,7.4004217,111690,0.01797,111170,0.47322336,111680,7.16345851,111210,0.78668985,111670,0.32041491,111230,0.00475641,111660,0.5,111240,1.5
2025-09-25 15:39:21.286373+00:00,111700,1.27652804,111170,0.47322336,111690,0.01797,111210,0.78668985,111680,7.16345851,111230,0.00475641,111670,0.32041491,111240,1.5,111660,0.5,111260,1.36882236
2025-09-25 15:39:21.287335+00:00,111700,1.27652804,111170,0.47322336,111690,0.01797,111210,0.78668985,111680,7.16345851,111220,0.38668985,111670,0.32041491,111230,0.00475641,111660,0.5,111240,1.5
2025-09-25 15:39:21.287335+00:00,111700,1.27652804,111170,0.47322336,111690,0.01797,111210,0.4,111680,7.16345851,111220,0.38668985,111670,0.32041491,111230,0.00475641,111660,0.5,111240,1.5
2025-09-25 15:39:22.141513+00:00,111690,0.01797,111170,0.47322336,111680,7.16345851,111210,0.4,111670,0.32041491,111220,0.38668985,111660,0.5,111230,0.00475641,111650,0.34822537,111240,1.5
2025-09-25 15:39:22.142512+00:00,111690,0.01797,111160,7.4004217,111680,7.16345851,111170,0.47322336,111670,0.32041491,111210,0.4,111660,0.5,111220,0.38668985,111650,0.34822537,111230,0.00475641
2025-09-25 15:39:22.596595+00:00,111690,0.01797,111170,0.47322336,111680,7.16345851,111210,0.4,111670,0.32041491,111220,0.38668985,111660,0.5,111230,0.00475641,111650,0.34822537,111240,1.5
2025-09-25 15:39:22.597600+00:00,111690,0.01797,111170,0.47322336,111680,7.16345851,111210,0.4,111660,0.5,111220,0.38668985,111650,0.34822537,111230,0.00475641,111640,0.00502922,111240,1.5
2025-09-25 15:39:22.598599+00:00,111690,0.01797,111170,0.47322336,111680,7.16345851,111180,0.45018453,111660,0.5,111210,0.4,111650,0.34822537,111220,0.38668985,111640,0.00502922,111230,0.00475641
2025-09-25 15:39:22.598599+00:00,111690,0.01797,111170,0.02303883,111680,7.16345851,111180,0.45018453,111660,0.5,111210,0.4,111650,0.34822537,111220,0.38668985,111640,0.00502922,111230,0.00475641
2025-09-25 15:39:22.599601+00:00,111690,0.01797,111170,0.02303883,111680,7.48387342,111180,0.45018453,111660,0.5,111210,0.4,111650,0.34822537,111220,0.38668985,111640,0.00502922,111230,0.00475641
2025-09-25 15:39:22.599601+00:00,111700,0.89203015,111170,0.02303883,111690,0.01797,111180,0.45018453,111680,7.48387342,111210,0.4,111660,0.5,111220,0.38668985,111650,0.34822537,111230,0.00475641
2025-09-25 15:39:23.502193+00:00,111700,0.89203015,111170,0.02303883,111690,0.01797,111180,0.45018453,111680,7.48387342,111210,0.4,111660,0.5,111230,0.00475641,111650,0.34822537,111240,1.5
2025-09-25 15:39:23.502193+00:00,111700,0.89203015,111170,0.02303883,111690,0.01797,111180,0.45018453,111680,7.48387342,111210,0.78668985,111660,0.5,111230,0.00475641,111650,0.34822537,111240,1.5
2025-09-25 15:39:23.503204+00:00,111700,0.89203015,111160,7.4004217,111690,0.01797,111170,0.02303883,111680,7.48387342,111180,0.45018453,111660,0.5,111210,0.78668985,111650,0.34822537,111230,0.00475641
2025-09-25 15:39:24.773798+00:00,111700,0.89203015,111160,7.4004217,111690,0.01797,111170,0.02303883,111680,7.16345851,111180,0.45018453,111660,0.5,111210,0.78668985,111650,0.34822537,111230,0.00475641
2025-09-25 15:39:24.773798+00:00,111700,0.89203015,111160,7.4004217,111690,0.33838491,111170,0.02303883,111680,7.16345851,111180,0.45018453,111660,0.5,111210,0.78668985,111650,0.34822537,111230,0.00475641
2025-09-25 15:39:27.905744+00:00,111700,0.89203015,111160,7.41449345,111690,0.33838491,111170,0.02303883,111680,7.16345851,111180,0.45018453,111660,0.5,111210,0.78668985,111650,0.34822537,111230,0.00475641
2025-09-25 15:39:28.962050+00:00,111700,0.89203015,111170,0.02303883,111690,0.33838491,111180,0.45018453,111680,7.16345851,111210,0.78668985,111660,0.5,111230,0.00475641,111650,0.34822537,111250,1.5
2025-09-25 15:39:28.963065+00:00,111710,5.64986066,111170,0.02303883,111700,0.89203015,111180,0.45018453,111690,0.33838491,111210,0.78668985,111680,7.16345851,111230,0.00475641,111660,0.5,111250,1.5
2025-09-25 15:39:29.163981+00:00,111710,5.64986066,111170,0.02303883,111700,0.89203015,111180,0.45018453,111690,0.33838491,111210,0.78668985,111680,7.16345851,111230,0.00475641,111650,0.34822537,111250,1.5
2025-09-25 15:39:29.164967+00:00,111710,5.64986066,111170,0.02303883,111700,0.89203015,111180,0.45018453,111690,0.33838491,111210,0.78668985,111680,7.16345851,111230,0.00475641,111670,0.5,111250,1.5
2025-09-25 15:39:29.552086+00:00,111710,5.64986066,111180,0.45018453,111700,0.89203015,111210,0.78668985,111690,0.33838491,111230,0.00475641,111680,7.16345851,111250,1.5,111670,0.5,111260,1.36882236
2025-09-25 15:39:29.552086+00:00,111710,5.64986066,111180,0.45018453,111700,0.89203015,111210,0.78668985,111690,0.33838491,111220,0.38668985,111680,7.16345851,111230,0.00475641,111670,0.5,111250,1.5
2025-09-25 15:39:29.552086+00:00,111710,5.64986066,111180,0.45018453,111700,0.89203015,111210,0.4,111690,0.33838491,111220,0.38668985,111680,7.16345851,111230,0.00475641,111670,0.5,111250,1.5
2025-09-25 15:39:29.892775+00:00,111700,0.89203015,111180,0.45018453,111690,0.33838491,111210,0.4,111680,7.16345851,111220,0.38668985,111670,0.5,111230,0.00475641,111650,0.34822537,111250,1.5
2025-09-25 15:39:29.892775+00:00,111700,0.89203015,111180,0.45018453,111690,0.33838491,111210,0.4,111680,7.16345851,111220,0.38668985,111670,0.5,111230,0.00475641,111650,0.09189344,111250,1.5
2025-09-25 15:39:29.893792+00:00,111700,0.89203015,111180,0.45018453,111690,0.33838491,111210,0.4,111680,7.16345851,111220,0.38668985,111670,0.5,111230,0.00475641,111660,0.25633193,111250,1.5
2025-09-25 15:39:30.129151+00:00,111700,0.89203015,111180,0.45018453,111690,0.33838491,111210,0.4,111680,7.16345851,111220,0.38668985,111670,0.5,111230,7.19641419,111660,0.25633193,111250,1.5
2025-09-25 15:39:30.336654+00:00,111700,0.89203015,111170,0.02303883,111690,0.33838491,111180,0.45018453,111680,7.16345851,111210,0.4,111670,0.5,111220,0.38668985,111660,0.25633193,111230,7.19641419
2025-09-25 15:39:30.545427+00:00,111690,0.33838491,111170,0.02303883,111680,7.16345851,111180,0.45018453,111670,0.5,111210,0.4,111660,0.25633193,111220,0.38668985,111650,0.09189344,111230,7.19641419
2025-09-25 15:39:30.750164+00:00,111690,0.33838491,111170,0.02303883,111680,8.05548866,111180,0.45018453,111670,0.5,111210,0.4,111660,0.25633193,111220,0.38668985,111650,0.09189344,111230,7.19641419
2025-09-25 15:39:31.560939+00:00,111690,0.33838491,111170,0.02303883,111680,8.05548866,111180,0.45018453,111660,0.25633193,111210,0.4,111650,0.09189344,111220,0.38668985,111640,0.00502922,111230,7.19641419
2025-09-25 15:39:31.560939+00:00,111690,0.33838491,111170,0.02303883,111680,8.05548866,111180,0.45018453,111660,0.25633193,111210,0.4,111650,0.09189344,111220,0.38668985,111640,0.00502922,111230,8.69641419
2025-09-25 15:39:31.561718+00:00,111690,0.33838491,111170,0.02303883,111680,8.05548866,111180,0.45018453,111660,0.25633193,111210,0.4,111650,0.59189344,111220,0.38668985,111640,0.00502922,111230,8.69641419
2025-09-25 15:39:31.561718+00:00,111700,0.89313741,111170,0.02303883,111690,0.33838491,111180,0.45018453,111680,8.05548866,111210,0.4,111660,0.25633193,111220,0.38668985,111650,0.59189344,111230,8.69641419
2025-09-25 15:39:31.977814+00:00,111700,0.89313741,111180,0.45018453,111690,0.33838491,111210,0.4,111680,8.05548866,111220,0.38668985,111660,0.25633193,111230,8.69641419,111650,0.59189344,111250,1.34844703
2025-09-25 15:39:31.977814+00:00,111700,0.89313741,111180,0.45018453,111690,0.33838491,111210,0.4,111680,8.05548866,111220,0.38668985,111650,0.59189344,111230,8.69641419,111640,0.00502922,111250,1.34844703
2025-09-25 15:39:31.977814+00:00,111700,0.89313741,111180,0.45018453,111690,0.33838491,111190,9.826e-05,111680,8.05548866,111210,0.4,111650,0.59189344,111220,0.38668985,111640,0.00502922,111230,8.69641419
2025-09-25 15:39:31.977814+00:00,111700,0.89313741,111180,0.45018453,111690,0.33838491,111190,9.826e-05,111680,8.05548866,111210,0.4,111650,0.59189344,111220,0.38668985,111640,0.26136115,111230,8.69641419
2025-09-25 15:39:31.978824+00:00,111710,4.75672325,111180,0.45018453,111700,0.89313741,111190,9.826e-05,111690,0.33838491,111210,0.4,111680,8.05548866,111220,0.38668985,111650,0.59189344,111230,8.69641419
2025-09-25 15:39:32.857824+00:00,111700,0.89313741,111180,0.45018453,111690,0.33838491,111190,9.826e-05,111680,8.05548866,111210,0.4,111650,0.59189344,111220,0.38668985,111640,0.26136115,111230,8.69641419
2025-09-25 15:39:32.858844+00:00,111700,0.89313741,111180,0.45018453,111690,0.33838491,111190,9.826e-05,111680,8.05548866,111210,0.4,111670,0.32041491,111220,0.38668985,111650,0.59189344,111230,8.69641419
2025-09-25 15:39:32.858844+00:00,111700,0.89313741,111180,0.45018453,111690,0.01797,111190,9.826e-05,111680,8.05548866,111210,0.4,111670,0.32041491,111220,0.38668985,111650,0.59189344,111230,8.69641419
2025-09-25 15:39:32.858844+00:00,111700,1.2776353,111180,0.45018453,111690,0.01797,111190,9.826e-05,111680,8.05548866,111210,0.4,111670,0.32041491,111220,0.38668985,111650,0.59189344,111230,8.69641419
2025-09-25 15:39:34.629279+00:00,111700,1.2776353,111190,9.826e-05,111690,0.01797,111210,0.4,111680,8.05548866,111220,0.38668985,111670,0.32041491,111230,8.69641419,111650,0.59189344,111250,1.34844703
2025-09-25 15:39:34.630266+00:00,111700,1.2776353,111190,9.826e-05,111690,0.01797,111210,0.4,111680,8.05548866,111220,0.38668985,111670,0.32041491,111230,8.69641419,111650,0.59189344,111240,1.5
2025-09-25 15:39:34.630266+00:00,111700,1.2776353,111190,9.826e-05,111690,0.01797,111210,0.4,111680,8.05548866,111220,0.38668985,111670,0.32041491,111230,7.19641419,111650,0.59189344,111240,1.5
2025-09-25 15:39:34.630266+00:00,111700,1.2776353,111190,0.45028279,111690,0.01797,111210,0.4,111680,8.05548866,111220,0.38668985,111670,0.32041491,111230,7.19641419,111650,0.59189344,111240,1.5
2025-09-25 15:39:36.624961+00:00,111700,1.2776353,111190,9.826e-05,111690,0.01797,111210,0.4,111680,8.05548866,111220,0.38668985,111670,0.32041491,111230,7.19641419,111650,0.59189344,111240,1.5
2025-09-25 15:39:37.377821+00:00,111700,1.2776353,111190,9.826e-05,111690,0.01797,111210,0.4,111680,8.05548866,111220,0.38668985,111670,0.32041491,111230,7.19641419,111650,0.59189344,111250,1.34844703
2025-09-25 15:39:37.377821+00:00,111700,1.2776353,111190,9.826e-05,111690,0.01797,111210,0.4,111680,8.05548866,111220,0.38668985,111670,0.32041491,111230,8.69641419,111650,0.59189344,111250,1.34844703
2025-09-25 15:39:37.378825+00:00,111700,1.2776353,111180,0.45018453,111690,0.01797,111190,9.826e-05,111680,8.05548866,111210,0.4,111670,0.32041491,111220,0.38668985,111650,0.59189344,111230,8.69641419
2025-09-25 15:39:37.571575+00:00,111700,1.2776353,111180,0.45018453,111690,0.01797,111190,9.826e-05,111680,8.05548866,111210,0.4,111670,0.32041491,111230,8.69641419,111650,0.59189344,111250,1.34844703
2025-09-25 15:39:37.571575+00:00,111700,1.2776353,111180,0.45018453,111690,0.01797,111190,9.826e-05,111680,8.05548866,111210,0.78668985,111670,0.32041491,111230,8.69641419,111650,0.59189344,111250,1.34844703
2025-09-25 15:39:37.571575+00:00,111700,1.2776353,111170,0.02294055,111690,0.01797,111180,0.45018453,111680,8.05548866,111190,9.826e-05,111670,0.32041491,111210,0.78668985,111650,0.59189344,111230,8.69641419
2025-09-25 15:39:38.180935+00:00,111700,1.2776353,111180,0.45018453,111690,0.01797,111190,9.826e-05,111680,8.05548866,111210,0.78668985,111670,0.32041491,111230,8.69641419,111650,0.59189344,111250,1.34844703
2025-09-25 15:39:38.180935+00:00,111700,1.2776353,111180,0.45018453,111690,0.01797,111190,9.826e-05,111680,8.05548866,111210,0.78668985,111670,0.32041491,111230,8.69641419,111650,0.59189344,111240,1.5
2025-09-25 15:39:38.181948+00:00,111700,1.2776353,111180,0.45018453,111690,0.01797,111190,9.826e-05,111680,8.05548866,111210,0.78668985,111670,0.32041491,111230,7.19641419,111650,0.59189344,111240,1.5
2025-09-25 15:39:38.491911+00:00,111700,1.2776353,111180,0.45018453,111690,0.01797,111210,0.78668985,111680,8.05548866,111230,7.19641419,111670,0.32041491,111240,1.5,111650,0.59189344,111250,1.34844703
2025-09-25 15:39:38.492911+00:00,111700,1.2776353,111180,0.4502828,111690,0.01797,111210,0.78668985,111680,8.05548866,111230,7.19641419,111670,0.32041491,111240,1.5,111650,0.59189344,111250,1.34844703
2025-09-25 15:39:38.492911+00:00,111700,1.2776353,111170,0.02294055,111690,0.01797,111180,0.4502828,111680,8.05548866,111210,0.78668985,111670,0.32041491,111230,7.19641419,111650,0.59189344,111240,1.5
2025-09-25 15:39:38.697653+00:00,111700,1.2776353,111170,0.02294055,111690,0.01797,111180,0.4502828,111680,8.05548866,111210,0.78668985,111650,0.59189344,111230,7.19641419,111640,0.00502922,111240,1.5
2025-09-25 15:39:38.698652+00:00,111700,1.2776353,111170,0.02294055,111690,0.01797,111180,0.4502828,111680,8.05548866,111210,0.78668985,111660,0.32041491,111230,7.19641419,111650,0.59189344,111240,1.5
2025-09-25 15:39:39.475702+00:00,111700,1.2776353,111180,0.4502828,111690,0.01797,111210,0.78668985,111680,8.05548866,111230,7.19641419,111660,0.32041491,111240,1.5,111650,0.59189344,111250,1.34844703
2025-09-25 15:39:39.475702+00:00,111700,1.2776353,111180,0.4502828,111690,0.01797,111210,0.78668985,111680,8.05548866,111220,0.38668985,111660,0.32041491,111230,7.19641419,111650,0.59189344,111240,1.5
2025-09-25 15:39:39.476705+00:00,111700,1.2776353,111180,0.4502828,111690,0.01797,111210,0.4,111680,8.05548866,111220,0.38668985,111660,0.32041491,111230,7.19641419,111650,0.59189344,111240,1.5
2025-09-25 15:39:40.787091+00:00,111700,1.2776353,111210,0.4,111690,0.01797,111220,0.38668985,111680,8.05548866,111230,7.19641419,111660,0.32041491,111240,1.5,111650,0.59189344,111250,1.34844703
2025-09-25 15:39:40.787091+00:00,111700,1.2776353,111190,0.45018453,111690,0.01797,111210,0.4,111680,8.05548866,111220,0.38668985,111660,0.32041491,111230,7.19641419,111650,0.59189344,111240,1.5
2025-09-25 15:39:40.788091+00:00,111700,1.2776353,111190,0.45018453,111690,0.40246789,111210,0.4,111680,8.05548866,111220,0.38668985,111660,0.32041491,111230,7.19641419,111650,0.59189344,111240,1.5
2025-09-25 15:39:40.788091+00:00,111700,0.89313741,111190,0.45018453,111690,0.40246789,111210,0.4,111680,8.05548866,111220,0.38668985,111660,0.32041491,111230,7.19641419,111650,0.59189344,111240,1.5
2025-09-25 15:39:41.537140+00:00,111700,0.89313741,111180,9.827e-05,111690,0.40246789,111190,0.45018453,111680,8.05548866,111210,0.4,111660,0.32041491,111220,0.38668985,111650,0.59189344,111230,7.19641419
2025-09-25 15:39:41.771014+00:00,111690,0.40246789,111180,9.827e-05,111680,8.05548866,111190,0.45018453,111660,0.32041491,111210,0.4,111650,0.59189344,111220,0.38668985,111640,0.00502922,111230,7.19641419
2025-09-25 15:39:41.772012+00:00,111690,0.40246789,111170,0.02294055,111680,8.05548866,111180,9.827e-05,111660,0.32041491,111190,0.45018453,111650,0.59189344,111210,0.4,111640,0.00502922,111220,0.38668985
2025-09-25 15:39:41.773012+00:00,111690,0.40246789,111170,0.02294055,111680,8.05548866,111180,9.827e-05,111660,0.32041491,111190,0.45018453,111650,0.59189344,111210,0.4,111640,0.0004,111220,0.38668985
2025-09-25 15:39:41.774012+00:00,111690,0.40246789,111170,0.02294055,111680,8.94862607,111180,9.827e-05,111660,0.32041491,111190,0.45018453,111650,0.59189344,111210,0.4,111640,0.0004,111220,0.38668985
2025-09-25 15:39:41.774012+00:00,111710,4.75672325,111170,0.02294055,111690,0.40246789,111180,9.827e-05,111680,8.94862607,111190,0.45018453,111660,0.32041491,111210,0.4,111650,0.59189344,111220,0.38668985
2025-09-25 15:39:41.982294+00:00,111710,4.75672325,111180,9.827e-05,111690,0.40246789,111190,0.45018453,111680,8.94862607,111210,0.4,111660,0.32041491,111220,0.38668985,111650,0.59189344,111230,7.19641419
2025-09-25 15:39:41.983323+00:00,111710,4.75672325,111180,9.827e-05,111690,0.40246789,111190,0.45018453,111680,8.94862607,111210,0.4,111660,1.21244506,111220,0.38668985,111650,0.59189344,111230,7.19641419
2025-09-25 15:39:41.983323+00:00,111710,4.75672325,111180,9.827e-05,111690,0.40246789,111190,0.45018453,111680,8.05659592,111210,0.4,111660,1.21244506,111220,0.38668985,111650,0.59189344,111230,7.19641419
2025-09-25 15:39:42.185188+00:00,111710,4.75672325,111180,9.827e-05,111690,0.40246789,111190,0.45018453,111680,8.05659592,111210,0.4,111660,1.21244506,111220,1.88668985,111650,0.59189344,111230,7.19641419
2025-09-25 15:39:42.185188+00:00,111710,4.75672325,111180,9.827e-05,111690,0.40246789,111190,0.45018453,111680,8.05659592,111210,0.4,111660,1.21244506,111220,1.88668985,111650,0.09189344,111230,7.19641419
2025-09-25 15:39:42.752991+00:00,111710,4.75672325,111180,9.827e-05,111690,0.40246789,111210,0.4,111680,8.05659592,111220,1.88668985,111660,1.21244506,111230,7.19641419,111650,0.09189344,111240,1.34872273
2025-09-25 15:39:42.752991+00:00,111710,4.75672325,111210,0.4,111690,0.40246789,111220,1.88668985,111680,8.05659592,111230,7.19641419,111660,1.21244506,111240,1.34872273,111650,0.09189344,111260,0.06478431
2025-09-25 15:39:42.753969+00:00,111710,4.75672325,111170,0.47312508,111690,0.40246789,111210,0.4,111680,8.05659592,111220,1.88668985,111660,1.21244506,111230,7.19641419,111650,0.09189344,111240,1.34872273
2025-09-25 15:39:42.753969+00:00,111710,4.75672325,111160,0.20420267,111690,0.40246789,111170,0.47312508,111680,8.05659592,111210,0.4,111660,1.21244506,111220,1.88668985,111650,0.09189344,111230,7.19641419
2025-09-25 15:39:42.753969+00:00,111710,4.75672325,111160,0.20420267,111690,0.40246789,111170,0.47312508,111680,8.05659592,111210,0.4,111660,0.89203015,111220,1.88668985,111650,0.09189344,111230,7.19641419
2025-09-25 15:39:42.754963+00:00,111710,4.75672325,111160,0.20420267,111690,0.40246789,111170,0.47312508,111680,8.44109381,111210,0.4,111660,0.89203015,111220,1.88668985,111650,0.09189344,111230,7.19641419
2025-09-25 15:39:42.754963+00:00,111710,4.75672325,111160,0.20420267,111690,0.01797,111170,0.47312508,111680,8.44109381,111210,0.4,111660,0.89203015,111220,1.88668985,111650,0.09189344,111230,7.19641419
2025-09-25 15:39:42.754963+00:00,111710,5.20530412,111160,0.20420267,111690,0.01797,111170,0.47312508,111680,8.44109381,111210,0.4,111660,0.89203015,111220,1.88668985,111650,0.09189344,111230,7.19641419
2025-09-25 15:39:43.546316+00:00,111710,5.20530412,111170,0.47312508,111690,0.01797,111210,0.4,111680,8.44109381,111220,1.88668985,111660,0.89203015,111230,7.19641419,111650,0.09189344,111240,1.34872273
2025-09-25 15:39:43.547384+00:00,111710,5.20530412,111170,0.47312508,111690,0.01797,111210,0.4,111680,8.44109381,111220,1.5,111660,0.89203015,111230,7.19641419,111650,0.09189344,111240,1.34872273
2025-09-25 15:39:43.547384+00:00,111710,5.20530412,111170,0.47312508,111690,0.01797,111200,0.38668985,111680,8.44109381,111210,0.4,111660,0.89203015,111220,1.5,111650,0.09189344,111230,7.19641419
2025-09-25 15:39:45.588963+00:00,111710,5.20530412,111170,0.47312508,111690,0.01797,111210,0.4,111680,8.44109381,111220,1.5,111660,0.89203015,111230,7.19641419,111650,0.09189344,111240,1.34872273
2025-09-25 15:39:45.588963+00:00,111710,5.20530412,111170,0.47312508,111690,0.01797,111210,0.78668985,111680,8.44109381,111220,1.5,111660,0.89203015,111230,7.19641419,111650,0.09189344,111240,1.34872273
2025-09-25 15:39:45.589947+00:00,111710,5.20530412,111160,0.20420267,111690,0.01797,111170,0.47312508,111680,8.44109381,111210,0.78668985,111660,0.89203015,111220,1.5,111650,0.09189344,111230,7.19641419
2025-09-25 15:39:46.677740+00:00,111710,5.20530412,111170,0.47312508,111690,0.01797,111210,0.78668985,111680,8.44109381,111220,1.5,111660,0.89203015,111230,7.19641419,111650,0.09189344,111240,1.34872273
2025-09-25 15:39:46.678748+00:00,111710,5.20530412,111170,0.47312508,111690,0.01797,111180,0.45018453,111680,8.44109381,111210,0.78668985,111660,0.89203015,111220,1.5,111650,0.09189344,111230,7.19641419
2025-09-25 15:39:46.678748+00:00,111710,5.20530412,111170,0.02294055,111690,0.01797,111180,0.45018453,111680,8.44109381,111210,0.78668985,111660,0.89203015,111220,1.5,111650,0.09189344,111230,7.19641419
2025-09-25 15:39:48.836855+00:00,111690,0.01797,111170,0.02294055,111680,8.44109381,111180,0.45018453,111660,0.89203015,111210,0.78668985,111650,0.09189344,111220,1.5,111640,0.32081491,111230,7.19641419
2025-09-25 15:39:48.836855+00:00,111690,0.01797,111170,0.02294055,111680,8.44109381,111180,0.45018453,111670,0.38449789,111210,0.78668985,111660,0.89203015,111220,1.5,111650,0.09189344,111230,7.19641419
2025-09-25 15:39:48.837855+00:00,111690,0.01797,111170,0.02294055,111680,8.05659592,111180,0.45018453,111670,0.38449789,111210,0.78668985,111660,0.89203015,111220,1.5,111650,0.09189344,111230,7.19641419
2025-09-25 15:39:50.376346+00:00,111690,0.01797,111170,0.02294055,111670,0.38449789,111180,0.45018453,111660,0.89203015,111210,0.78668985,111650,0.09189344,111220,1.5,111640,0.32081491,111230,7.19641419
2025-09-25 15:39:50.376346+00:00,111670,0.38449789,111170,0.02294055,111660,0.89203015,111180,0.45018453,111650,0.09189344,111210,0.78668985,111640,0.32081491,111220,1.5,111630,0.59058838,111230,7.19641419
2025-09-25 15:39:50.377347+00:00,111670,0.38449789,111160,0.20420267,111660,0.89203015,111170,0.02294055,111650,0.09189344,111180,0.45018453,111640,0.32081491,111210,0.78668985,111630,0.59058838,111220,1.5
2025-09-25 15:39:50.377347+00:00,111670,0.38449789,111150,9.83e-05,111660,0.89203015,111160,0.20420267,111650,0.09189344,111170,0.02294055,111640,0.32081491,111180,0.45018453,111630,0.59058838,111210,0.78668985
2025-09-25 15:39:50.788339+00:00,111670,0.38449789,111150,9.83e-05,111660,0.89203015,111160,0.20420267,111650,0.09189344,111170,0.02294055,111640,0.32081491,111210,0.78668985,111630,0.59058838,111220,1.5
2025-09-25 15:39:50.788339+00:00,111670,0.38449789,111150,9.83e-05,111660,0.89203015,111160,0.20420267,111650,0.09189344,111170,0.47312508,111640,0.32081491,111210,0.78668985,111630,0.59058838,111220,1.5
2025-09-25 15:39:50.789341+00:00,111670,0.38449789,111140,0.52683588,111660,0.89203015,111150,9.83e-05,111650,0.09189344,111160,0.20420267,111640,0.32081491,111170,0.47312508,111630,0.59058838,111210,0.78668985
2025-09-25 15:39:50.927664+00:00,111670,0.38449789,111140,0.5409104,111660,0.89203015,111150,9.83e-05,111650,0.09189344,111160,0.20420267,111640,0.32081491,111170,0.47312508,111630,0.59058838,111210,0.78668985
2025-09-25 15:39:51.541378+00:00,111670,0.38449789,111140,0.52683588,111660,0.89203015,111150,9.83e-05,111650,0.09189344,111160,0.20420267,111640,0.32081491,111170,0.47312508,111630,0.59058838,111210,0.78668985
2025-09-25 15:39:51.541378+00:00,111680,8.05659592,111140,0.52683588,111670,0.38449789,111150,9.83e-05,111660,0.89203015,111160,0.20420267,111650,0.09189344,111170,0.47312508,111640,0.32081491,111210,0.78668985
2025-09-25 15:39:51.928346+00:00,111680,8.05659592,111140,0.52683588,111670,0.38449789,111150,9.83e-05,111650,0.09189344,111160,0.20420267,111640,0.32081491,111170,0.47312508,111630,0.59058838,111210,0.78668985
2025-09-25 15:39:51.929345+00:00,111680,8.05659592,111130,4.7691,111670,0.38449789,111140,0.52683588,111650,0.09189344,111150,9.83e-05,111640,0.32081491,111160,0.20420267,111630,0.59058838,111170,0.47312508
2025-09-25 15:39:51.929345+00:00,111680,8.05548866,111130,4.7691,111670,0.38449789,111140,0.52683588,111650,0.09189344,111150,9.83e-05,111640,0.32081491,111160,0.20420267,111630,0.59058838,111170,0.47312508
2025-09-25 15:39:52.109380+00:00,111680,8.05548866,111120,0.00041,111670,0.38449789,111130,4.7691,111650,0.09189344,111140,0.52683588,111640,0.32081491,111150,9.83e-05,111630,0.59058838,111160,0.20420267
2025-09-25 15:39:52.110378+00:00,111680,8.05548866,111120,0.00041,111670,0.38449789,111130,4.7691,111650,0.09189344,111140,0.52683588,111640,0.32081491,111150,9.83e-05,111630,0.09058838,111160,0.20420267
2025-09-25 15:39:52.110378+00:00,111680,8.05548866,111120,0.00041,111670,0.38449789,111130,4.7691,111650,0.09189344,111140,0.52683588,111640,0.82081491,111150,9.83e-05,111630,0.09058838,111160,0.20420267
2025-09-25 15:39:52.111384+00:00,111690,0.01797,111120,0.00041,111680,8.05548866,111130,4.7691,111670,0.38449789,111140,0.52683588,111650,0.09189344,111150,9.83e-05,111640,0.82081491,111160,0.20420267
2025-09-25 15:39:52.669482+00:00,111690,0.01797,111120,0.00041,111680,8.05548866,111140,0.52683588,111670,0.38449789,111150,9.83e-05,111650,0.09189344,111160,0.20420267,111640,0.82081491,111170,0.47312508
2025-09-25 15:39:52.669482+00:00,111690,0.01797,111140,0.52683588,111680,8.05548866,111150,9.83e-05,111670,0.38449789,111160,0.20420267,111650,0.09189344,111170,0.47312508,111640,0.82081491,111210,0.78668985
2025-09-25 15:39:52.670502+00:00,111700,1.34171828,111140,0.52683588,111690,0.01797,111150,9.83e-05,111680,8.05548866,111160,0.20420267,111670,0.38449789,111170,0.47312508,111650,0.09189344,111210,0.78668985
2025-09-25 15:39:52.911502+00:00,111700,1.34171828,111150,9.83e-05,111690,0.01797,111160,0.20420267,111680,8.05548866,111170,0.47312508,111670,0.38449789,111210,0.78668985,111650,0.09189344,111230,8.69641419
2025-09-25 15:39:52.911502+00:00,111700,1.34171828,111150,9.83e-05,111690,0.01797,111160,0.20420267,111680,8.05548866,111170,0.47312508,111650,0.09189344,111210,0.78668985,111640,0.82081491,111230,8.69641419
2025-09-25 15:39:52.912522+00:00,111700,1.34171828,111150,9.83e-05,111690,0.01797,111160,0.20420267,111680,8.05548866,111170,0.47312508,111650,0.09189344,111210,0.78668985,111640,0.82081491,111230,8.69635419
2025-09-25 15:39:52.912522+00:00,111700,1.34171828,111150,9.83e-05,111690,0.01797,111160,0.20420267,111680,8.05548866,111170,0.47312508,111650,0.09189344,111180,0.45018453,111640,0.82081491,111210,0.78668985
2025-09-25 15:39:52.912522+00:00,111700,1.34171828,111150,9.83e-05,111690,0.01797,111160,0.20420267,111680,8.05548866,111170,0.02294055,111650,0.09189344,111180,0.45018453,111640,0.82081491,111210,0.78668985
2025-09-25 15:39:52.912522+00:00,111700,1.34171828,111150,9.83e-05,111690,0.01797,111160,0.20420267,111680,8.05548866,111170,0.02294055,111650,0.09189344,111180,0.45018453,111640,0.5004,111210,0.78668985
2025-09-25 15:39:52.912522+00:00,111700,1.34171828,111150,9.83e-05,111690,0.01797,111160,0.20420267,111680,8.05548866,111170,0.02294055,111650,0.41230835,111180,0.45018453,111640,0.5004,111210,0.78668985
2025-09-25 15:39:52.913521+00:00,111700,1.34171828,111150,9.83e-05,111690,0.01797,111160,0.20420267,111680,8.43998655,111170,0.02294055,111650,0.41230835,111180,0.45018453,111640,0.5004,111210,0.78668985
2025-09-25 15:39:52.913521+00:00,111700,0.89313741,111150,9.83e-05,111690,0.01797,111160,0.20420267,111680,8.43998655,111170,0.02294055,111650,0.41230835,111180,0.45018453,111640,0.5004,111210,0.78668985
2025-09-25 15:39:52.913521+00:00,111710,5.20530412,111150,9.83e-05,111700,0.89313741,111160,0.20420267,111690,0.01797,111170,0.02294055,111680,8.43998655,111180,0.45018453,111650,0.41230835,111210,0.78668985
2025-09-25 15:39:53.110429+00:00,111710,5.20530412,111150,9.83e-05,111700,0.89313741,111160,0.20420267,111690,0.01797,111170,0.02294055,111680,8.43998655,111180,0.45018453,111650,0.91230835,111210,0.78668985
2025-09-25 15:39:53.520277+00:00,111710,5.20530412,111160,0.20420267,111700,0.89313741,111170,0.02294055,111690,0.01797,111180,0.45018453,111680,8.43998655,111210,0.78668985,111650,0.91230835,111230,8.69635419
2025-09-25 15:39:53.520277+00:00,111740,0.51266386,111160,0.20420267,111710,5.20530412,111170,0.02294055,111700,0.89313741,111180,0.45018453,111690,0.01797,111210,0.78668985,111680,8.43998655,111230,8.69635419
2025-09-25 15:39:53.877512+00:00,111740,0.51266386,111170,0.02294055,111710,5.20530412,111180,0.45018453,111700,0.89313741,111210,0.78668985,111690,0.01797,111230,8.69635419,111680,8.43998655,111260,1.36854536
2025-09-25 15:39:53.878513+00:00,111710,5.20530412,111170,0.02294055,111700,0.89313741,111180,0.45018453,111690,0.01797,111210,0.78668985,111680,8.43998655,111230,8.69635419,111650,0.91230835,111260,1.36854536
2025-09-25 15:39:53.878513+00:00,111710,5.20530412,111170,0.02294055,111700,0.89313741,111180,0.45018453,111690,0.01797,111210,0.78668985,111680,8.43998655,111230,8.69641419,111650,0.91230835,111260,1.36854536
2025-09-25 15:39:53.878513+00:00,111710,5.20530412,111170,0.02294055,111700,0.89313741,111180,0.45018453,111690,0.01797,111210,0.78668985,111680,8.43998655,111220,0.38668985,111650,0.91230835,111230,8.69641419
2025-09-25 15:39:53.879514+00:00,111710,5.20530412,111170,0.02294055,111700,0.89313741,111180,0.45018453,111690,0.01797,111210,0.4,111680,8.43998655,111220,0.38668985,111650,0.91230835,111230,8.69641419
2025-09-25 15:39:53.879514+00:00,111760,0.51266386,111170,0.02294055,111710,5.20530412,111180,0.45018453,111700,0.89313741,111210,0.4,111690,0.01797,111220,0.38668985,111680,8.43998655,111230,8.69641419
2025-09-25 15:39:54.209643+00:00,111760,0.51266386,111180,0.45018453,111710,5.20530412,111210,0.4,111700,0.89313741,111220,0.38668985,111690,0.01797,111230,8.69641419,111680,8.43998655,111260,1.36854536
2025-09-25 15:39:54.209643+00:00,111760,0.51266386,111180,0.45018453,111710,5.20530412,111210,0.4,111700,0.89313741,111220,0.38668985,111690,0.01797,111230,8.69641419,111680,8.43998655,111240,1.5
2025-09-25 15:39:54.210656+00:00,111760,0.51266386,111180,0.45018453,111710,5.20530412,111210,0.4,111700,0.89313741,111220,0.38668985,111690,0.01797,111230,7.19641419,111680,8.43998655,111240,1.5
2025-09-25 15:39:54.799401+00:00,111760,0.51266386,111210,0.4,111710,5.20530412,111220,0.38668985,111700,0.89313741,111230,7.19641419,111690,0.01797,111240,1.5,111680,8.43998655,111260,1.36854536
2025-09-25 15:39:54.799401+00:00,111710,5.20530412,111210,0.4,111700,0.89313741,111220,0.38668985,111690,0.01797,111230,7.19641419,111680,8.43998655,111240,1.5,111650,0.91230835,111260,1.36854536
2025-09-25 15:39:54.800398+00:00,111710,5.20530412,111190,0.45018453,111700,0.89313741,111210,0.4,111690,0.01797,111220,0.38668985,111680,8.43998655,111230,7.19641419,111650,0.91230835,111240,1.5
2025-09-25 15:39:54.800398+00:00,111710,5.20530412,111190,0.45018453,111700,0.89313741,111210,0.4,111690,0.01797,111220,0.38668985,111680,8.05548866,111230,7.19641419,111650,0.91230835,111240,1.5
2025-09-25 15:39:54.800398+00:00,111710,5.20530412,111190,0.45018453,111700,0.89313741,111210,0.4,111690,0.40246789,111220,0.38668985,111680,8.05548866,111230,7.19641419,111650,0.91230835,111240,1.5
2025-09-25 15:39:54.800398+00:00,111710,4.75672325,111190,0.45018453,111700,0.89313741,111210,0.4,111690,0.40246789,111220,0.38668985,111680,8.05548866,111230,7.19641419,111650,0.91230835,111240,1.5
2025-09-25 15:39:54.800398+00:00,111720,0.44858087,111190,0.45018453,111710,4.75672325,111210,0.4,111700,0.89313741,111220,0.38668985,111690,0.40246789,111230,7.19641419,111680,8.05548866,111240,1.5
2025-09-25 15:39:55.829947+00:00,111710,4.75672325,111190,0.45018453,111700,0.89313741,111210,0.4,111690,0.40246789,111220,0.38668985,111680,8.05548866,111230,7.19641419,111650,0.91230835,111240,1.5
2025-09-25 15:39:55.830895+00:00,111710,4.75672325,111170,0.02294055,111700,0.89313741,111190,0.45018453,111690,0.40246789,111210,0.4,111680,8.05548866,111220,0.38668985,111650,0.91230835,111230,7.19641419
2025-09-25 15:39:56.031816+00:00,111710,4.75672325,111170,0.02294055,111700,0.89313741,111190,0.45028279,111690,0.40246789,111210,0.4,111680,8.05548866,111220,0.38668985,111650,0.91230835,111230,7.19641419
2025-09-25 15:39:56.233217+00:00,111710,4.75672325,111170,0.02294055,111700,0.89313741,111190,0.45028279,111690,0.40246789,111210,0.4,111680,8.05548866,111220,0.38668985,111650,0.91230835,111230,8.69641419
2025-09-25 15:39:56.233217+00:00,111710,4.75672325,111160,0.20420267,111700,0.89313741,111170,0.02294055,111690,0.40246789,111190,0.45028279,111680,8.05548866,111210,0.4,111650,0.91230835,111220,0.38668985
2025-09-25 15:39:56.885794+00:00,111710,4.75672325,111160,0.20420267,111700,0.89313741,111170,0.02294055,111690,0.40246789,111190,0.45028279,111680,8.43998655,111210,0.4,111650,0.91230835,111220,0.38668985
2025-09-25 15:39:56.885794+00:00,111710,4.75672325,111160,0.20420267,111700,0.89313741,111170,0.02294055,111690,0.01797,111190,0.45028279,111680,8.43998655,111210,0.4,111650,0.91230835,111220,0.38668985
2025-09-25 15:39:57.143235+00:00,111710,4.75672325,111170,0.02294055,111700,0.89313741,111190,0.45028279,111690,0.01797,111210,0.4,111680,8.43998655,111220,0.38668985,111650,0.91230835,111230,8.69635419
2025-09-25 15:39:57.144009+00:00,111710,4.75672325,111170,0.02294055,111700,0.89313741,111190,0.45028279,111690,0.01797,111210,0.4,111680,8.43998655,111220,0.38668985,111650,0.91230835,111230,7.19635419
2025-09-25 15:39:57.749845+00:00,111710,4.75672325,111170,0.02294055,111690,0.01797,111190,0.45028279,111680,8.43998655,111210,0.4,111650,0.91230835,111220,0.38668985,111640,0.0004,111230,7.19635419
2025-09-25 15:39:57.750729+00:00,111720,1.34171828,111170,0.02294055,111710,4.75672325,111190,0.45028279,111690,0.01797,111210,0.4,111680,8.43998655,111220,0.38668985,111650,0.91230835,111230,7.19635419
2025-09-25 15:39:57.962622+00:00,111720,1.34171828,111190,0.45028279,111710,4.75672325,111210,0.4,111690,0.01797,111220,0.38668985,111680,8.43998655,111230,7.19635419,111650,0.91230835,111240,1.5
2025-09-25 15:39:57.963720+00:00,111760,0.51266386,111190,0.45028279,111720,1.34171828,111210,0.4,111710,4.75672325,111220,0.38668985,111690,0.01797,111230,7.19635419,111680,8.43998655,111240,1.5
2025-09-25 15:39:58.222880+00:00,111760,0.51266386,111190,0.45028279,111720,1.34171828,111210,0.4,111710,4.75672325,111220,0.38668985,111690,0.01797,111230,7.19635419,111680,8.43998655,111260,1.36854536
2025-09-25 15:39:58.222880+00:00,111720,1.34171828,111190,0.45028279,111710,4.75672325,111210,0.4,111690,0.01797,111220,0.38668985,111680,8.43998655,111230,7.19635419,111650,0.91230835,111260,1.36854536
2025-09-25 15:39:58.223902+00:00,111720,1.34171828,111190,0.45028279,111710,4.75672325,111210,0.4,111690,0.01797,111220,0.38668985,111680,8.43998655,111230,7.19635419,111650,0.91230835,111260,0.01998506
2025-09-25 15:39:58.223902+00:00,111720,1.34171828,111190,0.45028279,111710,4.75672325,111210,0.4,111690,0.01797,111220,0.38668985,111680,8.43998655,111230,7.19635419,111650,0.91230835,111250,1.5
2025-09-25 15:39:58.223902+00:00,111720,1.34171828,111190,0.45028279,111710,4.75672325,111210,0.4,111690,0.01797,111220,0.38668985,111680,8.43998655,111230,7.19641419,111650,0.91230835,111250,1.5
2025-09-25 15:39:58.224901+00:00,111720,1.34171828,111190,0.45028279,111710,4.75672325,111210,0.4,111690,0.01797,111220,0.38668985,111680,8.43998655,111230,7.19641419,111650,0.41230835,111250,1.5
2025-09-25 15:39:58.224901+00:00,111720,1.34171828,111190,0.45028279,111710,4.75672325,111210,0.4,111690,0.01797,111220,0.38668985,111680,8.43998655,111230,7.19641419,111670,0.5,111250,1.5
2025-09-25 15:39:58.647897+00:00,111720,1.34171828,111190,0.45018453,111710,4.75672325,111210,0.4,111690,0.01797,111220,0.38668985,111680,8.43998655,111230,7.19641419,111670,0.5,111250,1.5
2025-09-25 15:39:58.647897+00:00,111760,0.51266386,111190,0.45018453,111720,1.34171828,111210,0.4,111710,4.75672325,111220,0.38668985,111690,0.01797,111230,7.19641419,111680,8.43998655,111250,1.5
2025-09-25 15:39:58.864409+00:00,111760,0.51266386,111210,0.4,111720,1.34171828,111220,0.38668985,111710,4.75672325,111230,7.19641419,111690,0.01797,111250,1.5,111680,8.43998655,111260,0.01998506
2025-09-25 15:39:58.864409+00:00,111720,1.34171828,111210,0.4,111710,4.75672325,111220,0.38668985,111690,0.01797,111230,7.19641419,111680,8.43998655,111250,1.5,111670,0.5,111260,0.01998506
2025-09-25 15:39:58.864409+00:00,111720,1.34171828,111200,0.45018453,111710,4.75672325,111210,0.4,111690,0.01797,111220,0.38668985,111680,8.43998655,111230,7.19641419,111670,0.5,111250,1.5
2025-09-25 15:39:58.865478+00:00,111720,1.34171828,111200,0.45018453,111710,4.75672325,111210,0.4,111690,0.01797,111220,0.38668985,111680,8.43998655,111230,7.19641419,111670,0.82041491,111250,1.5
2025-09-25 15:39:58.865478+00:00,111720,1.34171828,111200,0.45018453,111710,4.75672325,111210,0.4,111690,0.01797,111220,0.38668985,111680,8.05548866,111230,7.19641419,111670,0.82041491,111250,1.5
2025-09-25 15:39:58.865478+00:00,111720,1.34171828,111200,0.45018453,111710,4.75672325,111210,0.4,111700,0.38449789,111220,0.38668985,111690,0.01797,111230,7.19641419,111680,8.05548866,111250,1.5
2025-09-25 15:39:58.866479+00:00,111720,0.89313741,111200,0.45018453,111710,4.75672325,111210,0.4,111700,0.38449789,111220,0.38668985,111690,0.01797,111230,7.19641419,111680,8.05548866,111250,1.5
2025-09-25 15:39:59.242563+00:00,111710,4.75672325,111200,0.45018453,111700,0.38449789,111210,0.4,111690,0.01797,111220,0.38668985,111680,8.05548866,111230,7.19641419,111670,0.82041491,111250,1.5
2025-09-25 15:39:59.242563+00:00,111710,4.75672325,111200,0.45018453,111700,0.38449789,111210,0.4,111690,0.01797,111220,0.38668985,111680,7.16345851,111230,7.19641419,111670,0.82041491,111250,1.5
2025-09-25 15:39:59.243623+00:00,111710,4.75672325,111200,0.45018453,111700,1.27652804,111210,0.4,111690,0.01797,111220,0.38668985,111680,7.16345851,111230,7.19641419,111670,0.82041491,111250,1.5
2025-09-25 15:39:59.243623+00:00,111730,0.44858087,111200,0.45018453,111710,4.75672325,111210,0.4,111700,1.27652804,111220,0.38668985,111690,0.01797,111230,7.19641419,111680,7.16345851,111250,1.5
2025-09-25 15:39:59.494633+00:00,111710,4.75672325,111200,0.45018453,111700,1.27652804,111210,0.4,111690,0.01797,111220,0.38668985,111680,7.16345851,111230,7.19641419,111670,0.82041491,111250,1.5
2025-09-25 15:39:59.681351+00:00,111710,4.75672325,111200,0.45018453,111700,1.27652804,111210,0.4,111690,0.01797,111230,7.19641419,111680,7.16345851,111250,1.5,111670,0.82041491,111260,0.01998506
2025-09-25 15:39:59.681351+00:00,111710,4.75672325,111200,0.45018453,111700,1.27652804,111210,0.4,111690,0.01797,111230,7.19641419,111680,7.16345851,111240,0.38668985,111670,0.82041491,111250,1.5
2025-09-25 15:39:59.900762+00:00,111710,4.75672325,111200,0.45018453,111700,1.27652804,111210,0.4,111690,0.01797,111230,7.19641419,111680,7.16345851,111240,0.38668985,111670,0.82041491,111260,0.01998506
2025-09-25 15:39:59.900762+00:00,111710,4.75672325,111200,0.45018453,111700,1.27652804,111210,0.4,111690,0.01797,111230,7.19641419,111680,7.16345851,111240,0.38668985,111670,0.82041491,111260,1.51998506
2025-09-25 15:39:59.900762+00:00,111710,4.75672325,111170,0.53743716,111700,1.27652804,111200,0.45018453,111690,0.01797,111210,0.4,111680,7.16345851,111230,7.19641419,111670,0.82041491,111240,0.38668985
2025-09-25 15:40:00.461213+00:00,111710,4.75672325,111200,0.45018453,111700,1.27652804,111210,0.4,111690,0.01797,111230,7.19641419,111680,7.16345851,111240,0.38668985,111670,0.82041491,111260,1.51998506
2025-09-25 15:40:00.462237+00:00,111720,0.89313741,111200,0.45018453,111710,4.75672325,111210,0.4,111700,1.27652804,111230,7.19641419,111690,0.01797,111240,0.38668985,111680,7.16345851,111260,1.51998506
2025-09-25 15:40:00.663542+00:00,111720,0.89313741,111210,0.4,111710,4.75672325,111230,7.19641419,111700,1.27652804,111240,0.38668985,111690,0.01797,111260,1.51998506,111680,7.16345851,111270,0.0004
2025-09-25 15:40:00.664554+00:00,111720,0.89313741,111210,0.4,111710,4.75672325,111230,7.19641419,111700,1.27652804,111240,0.40887097,111690,0.01797,111260,1.51998506,111680,7.16345851,111270,0.0004
2025-09-25 15:40:00.665556+00:00,111730,0.44858087,111210,0.4,111720,0.89313741,111230,7.19641419,111710,4.75672325,111240,0.40887097,111700,1.27652804,111260,1.51998506,111690,0.01797,111270,0.0004
2025-09-25 15:40:00.855197+00:00,111720,0.89313741,111210,0.4,111710,4.75672325,111230,7.19641419,111700,1.27652804,111240,0.40887097,111690,0.01797,111260,1.51998506,111680,7.16345851,111270,0.0004
2025-09-25 15:40:00.855197+00:00,111720,0.89313741,111210,0.4,111710,4.75672325,111230,7.19641419,111700,1.27652804,111240,0.40887097,111690,0.01797,111260,1.51998506,111680,7.48387342,111270,0.0004
2025-09-25 15:40:00.856314+00:00,111720,0.89313741,111210,0.4,111710,4.75672325,111230,7.19641419,111700,0.89203015,111240,0.40887097,111690,0.01797,111260,1.51998506,111680,7.48387342,111270,0.0004
2025-09-25 15:40:00.856314+00:00,111720,0.89313741,111210,0.4,111710,5.14122114,111230,7.19641419,111700,0.89203015,111240,0.40887097,111690,0.01797,111260,1.51998506,111680,7.48387342,111270,0.0004
2025-09-25 15:40:00.856314+00:00,111750,0.44858087,111210,0.4,111720,0.89313741,111230,7.19641419,111710,5.14122114,111240,0.40887097,111700,0.89203015,111260,1.51998506,111690,0.01797,111270,0.0004
2025-09-25 15:40:00.989397+00:00,111750,0.44858087,111230,7.19641419,111720,0.89313741,111240,0.40887097,111710,5.14122114,111260,1.51998506,111700,0.89203015,111270,0.0004,111690,0.01797,111280,0.01868
2025-09-25 15:40:00.989397+00:00,111750,0.44858087,111230,7.21985584,111720,0.89313741,111240,0.40887097,111710,5.14122114,111260,1.51998506,111700,0.89203015,111270,0.0004,111690,0.01797,111280,0.01868
2025-09-25 15:40:00.990407+00:00,111750,0.44858087,111220,0.45018453,111720,0.89313741,111230,7.21985584,111710,5.14122114,111240,0.40887097,111700,0.89203015,111260,1.51998506,111690,0.01797,111270,0.0004
2025-09-25 15:40:01.206297+00:00,111750,0.44858087,111220,0.45028277,111720,0.89313741,111230,7.21985584,111710,5.14122114,111240,0.40887097,111700,0.89203015,111260,1.51998506,111690,0.01797,111270,0.0004
2025-09-25 15:40:01.401263+00:00,111750,0.44858087,111220,0.45028277,111720,0.89313741,111230,7.21985584,111710,5.14122114,111240,0.40887097,111700,0.89203015,111260,1.51998506,111690,0.01797,111270,1.5004
2025-09-25 15:40:01.401263+00:00,111750,0.44858087,111220,0.45028277,111720,0.89313741,111230,7.21985584,111710,5.14122114,111240,0.40887097,111700,0.89203015,111260,0.01998506,111690,0.01797,111270,1.5004
2025-09-25 15:40:01.402283+00:00,111780,0.51266386,111220,0.45028277,111750,0.44858087,111230,7.21985584,111720,0.89313741,111240,0.40887097,111710,5.14122114,111260,0.01998506,111700,0.89203015,111270,1.5004
2025-09-25 15:40:01.617222+00:00,111780,0.51266386,111220,0.45028277,111750,0.44858087,111230,7.21985584,111720,0.89313741,111240,0.40887097,111710,5.14122114,111260,0.01998506,111690,0.01797,111270,1.5004
2025-09-25 15:40:01.617222+00:00,111780,0.51266386,111220,0.45028277,111750,0.44858087,111230,7.21985584,111720,0.89203015,111240,0.40887097,111710,5.14122114,111260,0.01998506,111690,0.01797,111270,1.5004
2025-09-25 15:40:01.618322+00:00,111780,0.51266386,111220,0.45028277,111750,0.44858087,111230,7.21985584,111740,0.89313741,111240,0.40887097,111720,0.89203015,111260,0.01998506,111710,5.14122114,111270,1.5004
2025-09-25 15:40:01.855890+00:00,111780,0.51266386,111230,7.21985584,111750,0.44858087,111240,0.40887097,111740,0.89313741,111260,0.01998506,111720,0.89203015,111270,1.5004,111710,5.14122114,111280,0.01868
2025-09-25 15:40:01.855890+00:00,111780,0.51266386,111230,7.21985584,111750,0.44858087,111240,0.40887097,111740,0.89313741,111250,0.38668985,111720,0.89203015,111260,0.01998506,111710,5.14122114,111270,1.5004
2025-09-25 15:40:01.855890+00:00,111780,0.51266386,111230,7.21985584,111750,0.44858087,111240,0.02218112,111740,0.89313741,111250,0.38668985,111720,0.89203015,111260,0.01998506,111710,5.14122114,111270,1.5004
2025-09-25 15:40:02.296485+00:00,111780,0.51266386,111230,7.21985584,111750,0.44858087,111240,0.02218112,111740,0.89313741,111250,0.38668985,111720,0.89203015,111260,0.01998506,111710,5.39755307,111270,1.5004
2025-09-25 15:40:02.706209+00:00,111780,0.51266386,111230,7.21985584,111750,0.44858087,111240,0.02218112,111740,0.89313741,111250,0.38668985,111720,0.89203015,111260,0.01998506,111710,5.39755307,111270,0.0004
2025-09-25 15:40:03.031806+00:00,111750,0.44858087,111230,7.21985584,111740,0.89313741,111240,0.02218112,111720,0.89203015,111250,0.38668985,111710,5.39755307,111260,0.01998506,111690,0.51797,111270,0.0004
2025-09-25 15:40:03.031806+00:00,111750,0.44858087,111230,7.21985584,111740,0.89313741,111240,0.02218112,111720,0.89203015,111250,0.38668985,111710,5.01305518,111260,0.01998506,111690,0.51797,111270,0.0004
2025-09-25 15:40:03.032832+00:00,111750,0.32041491,111230,7.21985584,111740,0.89313741,111240,0.02218112,111720,0.89203015,111250,0.38668985,111710,5.01305518,111260,0.01998506,111690,0.51797,111270,0.0004
2025-09-25 15:40:03.032832+00:00,111790,0.38449789,111230,7.21985584,111750,0.32041491,111240,0.02218112,111740,0.89313741,111250,0.38668985,111720,0.89203015,111260,0.01998506,111710,5.01305518,111270,0.0004
2025-09-25 15:40:03.901286+00:00,111790,0.38449789,111230,7.21985584,111750,0.32041491,111240,0.02218112,111740,0.89313741,111260,0.01998506,111720,0.89203015,111270,0.0004,111710,5.01305518,111280,1.51868
2025-09-25 15:40:03.902287+00:00,111790,0.38449789,111220,9.824e-05,111750,0.32041491,111230,7.21985584,111740,0.89313741,111240,0.02218112,111720,0.89203015,111260,0.01998506,111710,5.01305518,111270,0.0004
2025-09-25 15:40:04.134482+00:00,111810,0.05384,111220,9.824e-05,111790,0.38449789,111230,7.21985584,111750,0.32041491,111240,0.02218112,111740,0.89313741,111260,0.01998506,111720,0.89203015,111270,0.0004
2025-09-25 15:40:04.358790+00:00,111810,0.05384,111220,9.824e-05,111790,0.38449789,111230,7.21985584,111750,0.32041491,111240,0.02218112,111740,0.89313741,111260,0.01998506,111710,5.01305518,111270,0.0004
2025-09-25 15:40:04.358790+00:00,111810,0.05384,111220,9.824e-05,111790,0.38449789,111230,7.21985584,111750,0.32041491,111240,0.02218112,111740,0.89313741,111260,0.01998506,111710,0.26835518,111270,0.0004
2025-09-25 15:40:04.359868+00:00,111810,0.05384,111220,9.824e-05,111790,0.38449789,111230,7.21985584,111750,0.32041491,111240,0.02218112,111740,1.78516756,111260,0.01998506,111710,0.26835518,111270,0.0004
2025-09-25 15:40:04.359868+00:00,111820,0.01183485,111220,9.824e-05,111810,0.05384,111230,7.21985584,111790,0.38449789,111240,0.02218112,111750,0.32041491,111260,0.01998506,111740,1.78516756,111270,0.0004
2025-09-25 15:40:04.584969+00:00,111820,0.01183485,111220,9.824e-05,111790,0.38449789,111230,7.21985584,111750,0.32041491,111240,0.02218112,111740,1.78516756,111260,0.01998506,111710,0.26835518,111270,0.0004
2025-09-25 15:40:04.584969+00:00,111790,0.38449789,111220,9.824e-05,111750,0.32041491,111230,7.21985584,111740,1.78516756,111240,0.02218112,111710,0.26835518,111260,0.01998506,111690,0.53665,111270,0.0004
2025-09-25 15:40:04.585992+00:00,111790,0.38449789,111220,9.824e-05,111770,4.7422,111230,7.21985584,111750,0.32041491,111240,0.02218112,111740,1.78516756,111260,0.01998506,111710,0.26835518,111270,0.0004
2025-09-25 15:40:04.818695+00:00,111770,4.7422,111220,9.824e-05,111750,0.32041491,111230,7.21985584,111740,1.78516756,111240,0.02218112,111710,0.26835518,111260,0.01998506,111690,0.53665,111270,0.0004
2025-09-25 15:40:05.030110+00:00,111770,4.7422,111220,9.824e-05,111740,1.78516756,111230,7.21985584,111710,0.26835518,111240,0.02218112,111690,0.53665,111260,0.01998506,111680,7.3717282,111270,0.0004
2025-09-25 15:40:05.030110+00:00,111770,4.7422,111220,9.824e-05,111760,0.32041491,111230,7.21985584,111740,1.78516756,111240,0.02218112,111710,0.26835518,111260,0.01998506,111690,0.53665,111270,0.0004
2025-09-25 15:40:05.145003+00:00,111760,0.32041491,111220,9.824e-05,111740,1.78516756,111230,7.21985584,111710,0.26835518,111240,0.02218112,111690,0.53665,111260,0.01998506,111680,7.3717282,111270,0.0004
2025-09-25 15:40:05.145003+00:00,111760,0.32041491,111220,9.824e-05,111740,1.78516756,111230,7.21985584,111710,0.26835518,111240,0.02218112,111690,0.03665,111260,0.01998506,111680,7.3717282,111270,0.0004
2025-09-25 15:40:05.146144+00:00,111760,0.32041491,111220,9.824e-05,111740,1.78516756,111230,7.21985584,111710,0.26835518,111240,0.02218112,111700,0.5,111260,0.01998506,111690,0.03665,111270,0.0004
2025-09-25 15:40:06.431355+00:00,111740,1.78516756,111220,9.824e-05,111710,0.26835518,111230,7.21985584,111700,0.5,111240,0.02218112,111690,0.03665,111260,0.01998506,111680,7.3717282,111270,0.0004
2025-09-25 15:40:06.432374+00:00,111740,1.78516756,111220,9.824e-05,111710,0.26835518,111230,7.21985584,111700,0.5,111240,0.02218112,111690,0.03665,111260,0.01998506,111680,7.16345851,111270,0.0004
2025-09-25 15:40:06.432374+00:00,111740,1.78516756,111220,9.824e-05,111710,0.26835518,111230,7.21985584,111700,0.5,111240,0.02218112,111690,0.24491969,111260,0.01998506,111680,7.16345851,111270,0.0004
2025-09-25 15:40:06.433356+00:00,111740,1.78516756,111220,9.824e-05,111710,0.01202325,111230,7.21985584,111700,0.5,111240,0.02218112,111690,0.24491969,111260,0.01998506,111680,7.16345851,111270,0.0004
2025-09-25 15:40:06.433356+00:00,111740,1.78516756,111220,9.824e-05,111720,0.25633193,111230,7.21985584,111710,0.01202325,111240,0.02218112,111700,0.5,111260,0.01998506,111690,0.24491969,111270,0.0004
2025-09-25 15:40:08.389977+00:00,111740,1.78516756,111220,9.824e-05,111710,0.01202325,111230,7.21985584,111700,0.5,111240,0.02218112,111690,0.24491969,111260,0.01998506,111680,7.16345851,111270,0.0004
2025-09-25 15:40:08.389977+00:00,111740,1.78516756,111220,9.824e-05,111730,0.25633193,111230,7.21985584,111710,0.01202325,111240,0.02218112,111700,0.5,111260,0.01998506,111690,0.24491969,111270,0.0004
2025-09-25 15:40:08.826344+00:00,111740,0.89203015,111220,9.824e-05,111730,0.25633193,111230,7.21985584,111710,0.01202325,111240,0.02218112,111700,0.5,111260,0.01998506,111690,0.24491969,111270,0.0004
2025-09-25 15:40:09.058398+00:00,111740,0.89203015,111220,9.824e-05,111730,0.25633193,111230,7.21985584,111710,0.01202325,111240,0.02218112,111700,0.5,111270,0.0004,111690,0.24491969,111280,1.51868
2025-09-25 15:40:09.059419+00:00,111740,0.89203015,111220,9.824e-05,111730,0.25633193,111230,7.21985584,111710,0.01202325,111240,0.02218112,111700,0.5,111270,0.0004,111690,0.24491969,111280,0.01868
2025-09-25 15:40:09.059419+00:00,111740,0.89203015,111210,0.4,111730,0.25633193,111220,9.824e-05,111710,0.01202325,111230,7.21985584,111700,0.5,111240,0.02218112,111690,0.24491969,111270,0.0004
2025-09-25 15:40:09.059419+00:00,111760,0.89313741,111210,0.4,111740,0.89203015,111220,9.824e-05,111730,0.25633193,111230,7.21985584,111710,0.01202325,111240,0.02218112,111700,0.5,111270,0.0004
2025-09-25 15:40:09.516547+00:00,111740,0.89203015,111210,0.4,111730,0.25633193,111220,9.824e-05,111710,0.01202325,111230,7.21985584,111700,0.5,111240,0.02218112,111690,0.24491969,111270,0.0004
2025-09-25 15:40:09.754403+00:00,111740,1.78516756,111210,0.4,111730,0.25633193,111220,9.824e-05,111710,0.01202325,111230,7.21985584,111700,0.5,111240,0.02218112,111690,0.24491969,111270,0.0004
2025-09-25 15:40:10.180919+00:00,111740,1.78516756,111210,0.4,111730,0.25633193,111220,9.824e-05,111710,0.01202325,111230,7.21985584,111700,0.5,111240,0.02218112,111690,0.03665,111270,0.0004
2025-09-25 15:40:10.181814+00:00,111740,1.78516756,111210,0.4,111730,0.25633193,111220,9.824e-05,111710,0.01202325,111230,7.21985584,111700,0.70826969,111240,0.02218112,111690,0.03665,111270,0.0004
2025-09-25 15:40:11.247380+00:00,111730,0.25633193,111210,0.4,111710,0.01202325,111220,9.824e-05,111700,0.70826969,111230,7.21985584,111690,0.03665,111240,0.02218112,111680,7.16825499,111270,0.0004
2025-09-25 15:40:11.248359+00:00,111730,0.25633193,111210,0.4,111720,0.89203015,111220,9.824e-05,111710,0.01202325,111230,7.21985584,111700,0.70826969,111240,0.02218112,111690,0.03665,111270,0.0004
2025-09-25 15:40:12.387214+00:00,111720,0.89203015,111210,0.4,111710,0.01202325,111220,9.824e-05,111700,0.70826969,111230,7.21985584,111690,0.03665,111240,0.02218112,111680,7.16825499,111270,0.0004
2025-09-25 15:40:12.387214+00:00,111720,0.89203015,111190,5.2046,111710,0.01202325,111210,0.4,111700,0.70826969,111220,9.824e-05,111690,0.03665,111230,7.21985584,111680,7.16825499,111240,0.02218112
2025-09-25 15:40:12.388216+00:00,111720,0.89203015,111190,5.2046,111710,0.01202325,111210,0.4,111700,0.70826969,111220,9.824e-05,111690,0.03665,111230,7.21985584,111680,7.42458692,111240,0.02218112
2025-09-25 15:40:12.388216+00:00,111740,0.89313741,111190,5.2046,111720,0.89203015,111210,0.4,111710,0.01202325,111220,9.824e-05,111700,0.70826969,111230,7.21985584,111690,0.03665,111240,0.02218112
2025-09-25 15:40:12.564379+00:00,111740,0.89313741,111210,0.4,111720,0.89203015,111220,9.824e-05,111710,0.01202325,111230,7.21985584,111700,0.70826969,111240,0.02218112,111690,0.03665,111270,0.0004
2025-09-25 15:40:12.566379+00:00,111740,0.89313741,111210,0.4,111720,0.89203015,111220,9.824e-05,111710,0.01202325,111230,7.21985584,111690,0.03665,111240,0.02218112,111680,7.42458692,111270,0.0004
2025-09-25 15:40:12.566379+00:00,111720,0.89203015,111210,0.4,111710,0.01202325,111220,9.824e-05,111690,0.03665,111230,7.21985584,111680,7.42458692,111240,0.02218112,111650,0.11533196,111270,0.0004
2025-09-25 15:40:12.567380+00:00,111720,0.89203015,111210,0.4,111710,0.01202325,111220,9.824e-05,111690,0.03665,111230,7.21985584,111680,7.42458692,111240,0.02218112,111650,0.11533196,111270,1.5004
2025-09-25 15:40:12.567380+00:00,111720,0.89203015,111210,0.4,111710,0.01202325,111220,9.824e-05,111690,0.03665,111230,7.21985584,111680,7.42458692,111240,0.02218112,111650,0.32360165,111270,1.5004
2025-09-25 15:40:12.568412+00:00,111720,0.89203015,111210,0.4,111710,0.01202325,111220,9.824e-05,111690,0.03665,111230,7.21985584,111680,7.42458692,111240,0.02218112,111660,0.00394769,111270,1.5004
