timestamp,price,volume
2025-09-25 15:38:24.195000,111150.0,6e-05
2025-09-25 15:38:25.189000,111150.01,0.0002
2025-09-25 15:38:25.230000,111150.01,0.00015
2025-09-25 15:38:25.245000,111150.0,0.00014
2025-09-25 15:38:25.680000,111150.01,0.00244
2025-09-25 15:38:25.780000,111150.0,0.01759
2025-09-25 15:38:25.896000,111150.01,0.00036
2025-09-25 15:38:26.230000,111150.0,0.00868
2025-09-25 15:38:26.256000,111150.0,5e-05
2025-09-25 15:38:26.256000,111150.0,5e-05
2025-09-25 15:38:26.256000,111150.0,5e-05
2025-09-25 15:38:26.256000,111150.0,5e-05
2025-09-25 15:38:26.256000,111150.0,5e-05
2025-09-25 15:38:26.256000,111150.0,5e-05
2025-09-25 15:38:26.256000,111150.0,5e-05
2025-09-25 15:38:26.256000,111150.0,5e-05
2025-09-25 15:38:26.256000,111150.0,5e-05
2025-09-25 15:38:26.256000,111150.0,5e-05
2025-09-25 15:38:26.256000,111150.0,5e-05
2025-09-25 15:38:26.256000,111150.0,5e-05
2025-09-25 15:38:26.256000,111150.0,5e-05
2025-09-25 15:38:26.256000,111150.0,5e-05
2025-09-25 15:38:26.256000,111150.0,0.00044
2025-09-25 15:38:26.256000,111150.0,5e-05
2025-09-25 15:38:26.256000,111150.0,0.0001
2025-09-25 15:38:26.256000,111150.0,5e-05
2025-09-25 15:38:26.256000,111150.0,5e-05
2025-09-25 15:38:26.256000,111150.0,5e-05
2025-09-25 15:38:26.256000,111150.0,5e-05
2025-09-25 15:38:26.256000,111150.0,5e-05
2025-09-25 15:38:26.256000,111150.0,5e-05
2025-09-25 15:38:26.256000,111150.0,5e-05
2025-09-25 15:38:26.256000,111150.0,5e-05
2025-09-25 15:38:26.256000,111150.0,0.01619
2025-09-25 15:38:26.256000,111150.0,5e-05
2025-09-25 15:38:26.256000,111150.0,5e-05
2025-09-25 15:38:26.256000,111150.0,5e-05
2025-09-25 15:38:26.256000,111150.0,5e-05
2025-09-25 15:38:26.256000,111150.0,5e-05
2025-09-25 15:38:26.256000,111149.99,9e-05
2025-09-25 15:38:26.256000,111149.99,5e-05
2025-09-25 15:38:26.256000,111149.99,5e-05
2025-09-25 15:38:26.256000,111149.99,5e-05
2025-09-25 15:38:26.256000,111149.99,5e-05
2025-09-25 15:38:26.256000,111149.99,5e-05
2025-09-25 15:38:26.256000,111149.99,5e-05
2025-09-25 15:38:26.256000,111149.99,5e-05
2025-09-25 15:38:26.256000,111149.99,5e-05
2025-09-25 15:38:26.256000,111149.99,5e-05
2025-09-25 15:38:26.256000,111149.99,5e-05
2025-09-25 15:38:26.256000,111149.99,5e-05
2025-09-25 15:38:26.256000,111149.99,0.00044
2025-09-25 15:38:26.256000,111149.99,0.0001
2025-09-25 15:38:26.256000,111149.99,5e-05
2025-09-25 15:38:26.256000,111149.99,5e-05
2025-09-25 15:38:26.256000,111149.99,5e-05
2025-09-25 15:38:26.256000,111149.99,5e-05
2025-09-25 15:38:26.286000,111149.99,5e-05
2025-09-25 15:38:26.286000,111149.99,5e-05
2025-09-25 15:38:26.286000,111149.99,5e-05
2025-09-25 15:38:26.286000,111149.99,5e-05
2025-09-25 15:38:26.286000,111149.99,5e-05
2025-09-25 15:38:26.286000,111149.99,5e-05
2025-09-25 15:38:26.286000,111149.99,5e-05
2025-09-25 15:38:26.286000,111149.99,5e-05
2025-09-25 15:38:26.286000,111149.99,5e-05
2025-09-25 15:38:26.286000,111149.99,5e-05
2025-09-25 15:38:26.286000,111149.99,5e-05
2025-09-25 15:38:26.286000,111149.99,5e-05
2025-09-25 15:38:26.286000,111149.99,5e-05
2025-09-25 15:38:26.286000,111149.99,5e-05
2025-09-25 15:38:26.286000,111149.99,5e-05
2025-09-25 15:38:26.286000,111149.99,5e-05
2025-09-25 15:38:26.286000,111149.99,5e-05
2025-09-25 15:38:26.286000,111149.99,0.0001
2025-09-25 15:38:26.286000,111149.99,5e-05
2025-09-25 15:38:26.286000,111149.99,5e-05
2025-09-25 15:38:26.286000,111149.99,5e-05
2025-09-25 15:38:26.286000,111149.99,5e-05
2025-09-25 15:38:26.286000,111149.99,5e-05
2025-09-25 15:38:26.286000,111149.99,5e-05
2025-09-25 15:38:26.286000,111149.99,5e-05
2025-09-25 15:38:26.286000,111149.99,5e-05
2025-09-25 15:38:26.286000,111149.99,5e-05
2025-09-25 15:38:26.286000,111149.99,5e-05
2025-09-25 15:38:26.286000,111149.99,5e-05
2025-09-25 15:38:26.286000,111149.98,0.0001
2025-09-25 15:38:26.317000,111149.98,5e-05
2025-09-25 15:38:26.317000,111149.98,5e-05
2025-09-25 15:38:26.317000,111149.98,5e-05
2025-09-25 15:38:26.317000,111149.98,5e-05
2025-09-25 15:38:26.317000,111149.98,5e-05
2025-09-25 15:38:26.317000,111149.98,5e-05
2025-09-25 15:38:26.317000,111149.98,5e-05
2025-09-25 15:38:26.317000,111149.98,5e-05
2025-09-25 15:38:26.317000,111149.98,5e-05
2025-09-25 15:38:26.317000,111149.98,5e-05
2025-09-25 15:38:26.317000,111149.98,5e-05
2025-09-25 15:38:26.317000,111149.98,5e-05
2025-09-25 15:38:26.317000,111149.98,5e-05
2025-09-25 15:38:26.317000,111149.98,5e-05
2025-09-25 15:38:26.317000,111149.98,5e-05
2025-09-25 15:38:26.317000,111149.98,5e-05
2025-09-25 15:38:26.317000,111149.98,5e-05
2025-09-25 15:38:26.317000,111149.98,5e-05
2025-09-25 15:38:26.317000,111149.98,5e-05
2025-09-25 15:38:26.317000,111149.98,5e-05
2025-09-25 15:38:26.317000,111149.98,5e-05
2025-09-25 15:38:26.317000,111149.98,5e-05
2025-09-25 15:38:26.317000,111149.98,5e-05
2025-09-25 15:38:26.317000,111149.98,5e-05
2025-09-25 15:38:26.317000,111149.98,5e-05
2025-09-25 15:38:26.317000,111149.98,5e-05
2025-09-25 15:38:26.317000,111149.98,5e-05
2025-09-25 15:38:26.317000,111149.98,5e-05
2025-09-25 15:38:26.317000,111149.98,5e-05
2025-09-25 15:38:26.317000,111149.98,5e-05
2025-09-25 15:38:26.317000,111149.98,5e-05
2025-09-25 15:38:26.317000,111149.98,5e-05
2025-09-25 15:38:26.317000,111149.98,5e-05
2025-09-25 15:38:26.317000,111149.98,5e-05
2025-09-25 15:38:26.317000,111149.98,5e-05
2025-09-25 15:38:26.317000,111149.98,5e-05
2025-09-25 15:38:26.317000,111149.98,5e-05
2025-09-25 15:38:26.317000,111149.98,5e-05
2025-09-25 15:38:26.317000,111149.98,5e-05
2025-09-25 15:38:26.317000,111149.98,5e-05
2025-09-25 15:38:26.317000,111149.98,5e-05
2025-09-25 15:38:26.317000,111149.98,0.0001
2025-09-25 15:38:26.317000,111149.98,5e-05
2025-09-25 15:38:26.317000,111149.98,5e-05
2025-09-25 15:38:26.317000,111149.98,5e-05
2025-09-25 15:38:26.317000,111149.98,5e-05
2025-09-25 15:38:26.317000,111149.98,5e-05
2025-09-25 15:38:26.317000,111149.97,5e-05
2025-09-25 15:38:26.317000,111149.97,5e-05
2025-09-25 15:38:26.317000,111149.97,5e-05
2025-09-25 15:38:26.317000,111149.97,5e-05
2025-09-25 15:38:26.317000,111149.97,5e-05
2025-09-25 15:38:26.317000,111149.97,5e-05
2025-09-25 15:38:26.317000,111149.97,5e-05
2025-09-25 15:38:26.317000,111149.97,5e-05
2025-09-25 15:38:26.317000,111149.97,5e-05
2025-09-25 15:38:26.317000,111149.97,5e-05
2025-09-25 15:38:26.317000,111149.97,5e-05
2025-09-25 15:38:26.317000,111149.97,5e-05
2025-09-25 15:38:26.317000,111149.97,5e-05
2025-09-25 15:38:26.317000,111149.97,5e-05
2025-09-25 15:38:26.317000,111149.97,5e-05
2025-09-25 15:38:26.317000,111149.97,5e-05
2025-09-25 15:38:26.317000,111149.97,5e-05
2025-09-25 15:38:26.317000,111149.96,0.0001
2025-09-25 15:38:26.317000,111149.92,5e-05
2025-09-25 15:38:26.331000,111149.92,5e-05
2025-09-25 15:38:26.331000,111149.92,5e-05
2025-09-25 15:38:26.331000,111149.92,5e-05
2025-09-25 15:38:26.331000,111149.92,5e-05
2025-09-25 15:38:26.331000,111149.92,5e-05
2025-09-25 15:38:26.331000,111149.92,5e-05
2025-09-25 15:38:26.331000,111149.92,5e-05
2025-09-25 15:38:26.331000,111149.92,5e-05
2025-09-25 15:38:26.331000,111149.92,5e-05
2025-09-25 15:38:26.331000,111149.92,5e-05
2025-09-25 15:38:26.331000,111149.92,5e-05
2025-09-25 15:38:26.331000,111149.92,5e-05
2025-09-25 15:38:26.331000,111149.92,5e-05
2025-09-25 15:38:26.331000,111149.92,5e-05
2025-09-25 15:38:26.331000,111149.92,5e-05
2025-09-25 15:38:26.331000,111149.92,5e-05
2025-09-25 15:38:26.331000,111149.92,5e-05
2025-09-25 15:38:26.331000,111149.92,0.0001
2025-09-25 15:38:26.331000,111149.92,5e-05
2025-09-25 15:38:26.331000,111149.92,5e-05
2025-09-25 15:38:26.331000,111149.92,5e-05
2025-09-25 15:38:26.331000,111149.92,5e-05
2025-09-25 15:38:26.331000,111149.92,5e-05
2025-09-25 15:38:26.331000,111149.92,5e-05
2025-09-25 15:38:26.331000,111149.92,5e-05
2025-09-25 15:38:26.331000,111149.91,5e-05
2025-09-25 15:38:26.331000,111149.91,5e-05
2025-09-25 15:38:26.331000,111149.91,5e-05
2025-09-25 15:38:26.331000,111149.91,5e-05
2025-09-25 15:38:26.331000,111149.91,5e-05
2025-09-25 15:38:26.331000,111149.91,5e-05
2025-09-25 15:38:26.331000,111149.91,5e-05
2025-09-25 15:38:26.331000,111149.91,5e-05
2025-09-25 15:38:26.331000,111149.91,5e-05
2025-09-25 15:38:26.331000,111149.91,5e-05
2025-09-25 15:38:26.331000,111149.91,5e-05
2025-09-25 15:38:26.331000,111149.91,5e-05
2025-09-25 15:38:26.331000,111149.91,5e-05
2025-09-25 15:38:26.331000,111149.91,5e-05
2025-09-25 15:38:26.331000,111149.91,5e-05
2025-09-25 15:38:26.331000,111149.91,5e-05
2025-09-25 15:38:26.331000,111149.91,5e-05
2025-09-25 15:38:26.331000,111149.91,0.0001
2025-09-25 15:38:26.331000,111148.2,5e-05
2025-09-25 15:38:26.331000,111148.19,5e-05
2025-09-25 15:38:26.331000,111148.18,5e-05
2025-09-25 15:38:26.331000,111148.18,5e-05
2025-09-25 15:38:26.331000,111148.18,5e-05
2025-09-25 15:38:26.331000,111148.18,5e-05
2025-09-25 15:38:26.331000,111148.18,5e-05
2025-09-25 15:38:26.331000,111148.18,5e-05
2025-09-25 15:38:26.331000,111148.02,5e-05
2025-09-25 15:38:26.331000,111148.01,0.00089
2025-09-25 15:38:26.331000,111148.01,5e-05
2025-09-25 15:38:26.331000,111148.01,0.0001
2025-09-25 15:38:26.331000,111148.0,0.002
2025-09-25 15:38:26.331000,111148.0,0.0002
2025-09-25 15:38:26.331000,111148.0,0.0002
2025-09-25 15:38:26.331000,111148.0,0.00401
2025-09-25 15:38:26.331000,111148.0,5e-05
2025-09-25 15:38:26.331000,111148.0,0.0001
2025-09-25 15:38:26.331000,111148.0,5e-05
2025-09-25 15:38:26.331000,111148.0,5e-05
2025-09-25 15:38:26.331000,111148.0,5e-05
2025-09-25 15:38:26.331000,111147.99,0.0001
2025-09-25 15:38:26.331000,111147.66,5e-05
2025-09-25 15:38:26.331000,111146.79,0.00084
2025-09-25 15:38:26.331000,111146.74,5e-05
2025-09-25 15:38:26.331000,111146.48,0.00018
2025-09-25 15:38:26.331000,111146.3,5e-05
2025-09-25 15:38:26.331000,111146.0,0.00224
2025-09-25 15:38:26.331000,111145.56,0.00085
2025-09-25 15:38:26.331000,111145.45,0.00047
2025-09-25 15:38:26.331000,111145.43,5e-05
2025-09-25 15:38:26.331000,111145.37,5e-05
2025-09-25 15:38:26.331000,111145.3,0.00012
2025-09-25 15:38:26.331000,111144.99,9e-05
2025-09-25 15:38:26.331000,111144.76,5e-05
2025-09-25 15:38:26.331000,111144.75,5e-05
2025-09-25 15:38:26.331000,111144.75,5e-05
2025-09-25 15:38:26.331000,111144.75,5e-05
2025-09-25 15:38:26.331000,111144.48,0.00045
2025-09-25 15:38:26.331000,111144.27,5e-05
2025-09-25 15:38:26.331000,111144.27,5e-05
2025-09-25 15:38:26.331000,111144.27,5e-05
2025-09-25 15:38:26.331000,111144.27,5e-05
2025-09-25 15:38:26.331000,111144.26,5e-05
2025-09-25 15:38:26.331000,111144.26,0.00951
2025-09-25 15:38:26.673000,111144.27,0.00313
2025-09-25 15:38:26.799000,111144.27,0.0045
2025-09-25 15:38:27.390000,111144.27,0.0045
2025-09-25 15:38:28.203000,111144.27,0.00524
2025-09-25 15:38:28.324000,111144.27,0.0045
2025-09-25 15:38:28.436000,111144.27,0.00438
2025-09-25 15:38:28.609000,111144.27,0.0132
2025-09-25 15:38:28.610000,111144.27,0.0088
2025-09-25 15:38:28.610000,111144.27,0.283
2025-09-25 15:38:28.610000,111144.27,0.11967
2025-09-25 15:38:28.610000,111144.27,0.0296
2025-09-25 15:38:28.610000,111144.27,0.19013
2025-09-25 15:38:28.629000,111144.27,0.04486
2025-09-25 15:38:28.629000,111144.27,0.00452
2025-09-25 15:38:28.629000,111144.27,0.04195
2025-09-25 15:38:28.629000,111144.27,0.00706
2025-09-25 15:38:28.629000,111144.27,0.0007
2025-09-25 15:38:28.629000,111144.27,5e-05
2025-09-25 15:38:28.629000,111144.27,5e-05
2025-09-25 15:38:28.629000,111144.27,5e-05
2025-09-25 15:38:28.629000,111144.27,5e-05
2025-09-25 15:38:28.629000,111144.27,5e-05
2025-09-25 15:38:28.629000,111144.27,5e-05
2025-09-25 15:38:28.629000,111144.27,5e-05
2025-09-25 15:38:28.629000,111144.27,5e-05
2025-09-25 15:38:28.629000,111144.27,5e-05
2025-09-25 15:38:28.629000,111144.27,5e-05
2025-09-25 15:38:28.629000,111144.27,5e-05
2025-09-25 15:38:28.629000,111144.27,5e-05
2025-09-25 15:38:28.629000,111144.27,5e-05
2025-09-25 15:38:28.629000,111144.27,5e-05
2025-09-25 15:38:28.629000,111144.27,5e-05
2025-09-25 15:38:28.629000,111144.27,0.00428
2025-09-25 15:38:28.629000,111144.27,0.06576
2025-09-25 15:38:28.629000,111144.27,5e-05
2025-09-25 15:38:28.629000,111144.27,5e-05
2025-09-25 15:38:28.629000,111144.27,5e-05
2025-09-25 15:38:28.629000,111144.27,5e-05
2025-09-25 15:38:28.629000,111144.27,5e-05
2025-09-25 15:38:28.629000,111144.27,5e-05
2025-09-25 15:38:28.629000,111144.27,5e-05
2025-09-25 15:38:28.629000,111144.27,5e-05
2025-09-25 15:38:28.629000,111144.27,5e-05
2025-09-25 15:38:28.629000,111144.27,5e-05
2025-09-25 15:38:28.629000,111144.27,0.00011
2025-09-25 15:38:28.629000,111144.27,5e-05
2025-09-25 15:38:28.629000,111144.27,5e-05
2025-09-25 15:38:28.629000,111144.27,5e-05
2025-09-25 15:38:28.629000,111144.27,5e-05
2025-09-25 15:38:28.629000,111144.27,5e-05
2025-09-25 15:38:28.629000,111144.27,5e-05
2025-09-25 15:38:28.629000,111144.27,0.0001
2025-09-25 15:38:28.629000,111144.27,5e-05
2025-09-25 15:38:28.629000,111144.27,5e-05
2025-09-25 15:38:28.629000,111144.27,5e-05
2025-09-25 15:38:28.629000,111144.27,5e-05
2025-09-25 15:38:28.629000,111144.27,5e-05
2025-09-25 15:38:28.629000,111144.27,5e-05
2025-09-25 15:38:28.629000,111144.27,5e-05
2025-09-25 15:38:28.629000,111144.27,5e-05
2025-09-25 15:38:28.629000,111144.28,5e-05
2025-09-25 15:38:28.629000,111144.28,5e-05
2025-09-25 15:38:28.629000,111144.28,5e-05
2025-09-25 15:38:28.629000,111144.28,5e-05
2025-09-25 15:38:28.629000,111144.28,5e-05
2025-09-25 15:38:28.629000,111144.28,0.02258
2025-09-25 15:38:28.629000,111144.28,5e-05
2025-09-25 15:38:28.629000,111144.28,0.0001
2025-09-25 15:38:28.629000,111144.28,5e-05
2025-09-25 15:38:28.629000,111144.28,5e-05
2025-09-25 15:38:28.629000,111144.28,5e-05
2025-09-25 15:38:28.629000,111144.28,5e-05
2025-09-25 15:38:28.629000,111144.28,5e-05
2025-09-25 15:38:28.629000,111144.29,5e-05
2025-09-25 15:38:28.629000,111144.29,5e-05
2025-09-25 15:38:28.629000,111144.29,0.0001
2025-09-25 15:38:28.629000,111144.29,5e-05
2025-09-25 15:38:28.629000,111144.3,0.02
2025-09-25 15:38:28.629000,111144.3,0.0001
2025-09-25 15:38:28.629000,111144.3,5e-05
2025-09-25 15:38:28.629000,111144.3,5e-05
2025-09-25 15:38:28.629000,111144.3,5e-05
2025-09-25 15:38:28.629000,111144.3,5e-05
2025-09-25 15:38:28.629000,111144.3,5e-05
2025-09-25 15:38:28.629000,111144.31,0.0001
2025-09-25 15:38:28.629000,111144.34,5e-05
2025-09-25 15:38:28.629000,111144.34,5e-05
2025-09-25 15:38:28.629000,111144.34,5e-05
2025-09-25 15:38:28.629000,111144.35,0.02
2025-09-25 15:38:28.629000,111144.35,5e-05
2025-09-25 15:38:28.629000,111144.35,5e-05
2025-09-25 15:38:28.629000,111144.35,5e-05
2025-09-25 15:38:28.629000,111144.35,5e-05
2025-09-25 15:38:28.629000,111144.35,5e-05
2025-09-25 15:38:28.637000,111146.74,5e-05
2025-09-25 15:38:28.637000,111146.74,5e-05
2025-09-25 15:38:28.637000,111146.74,5e-05
2025-09-25 15:38:28.637000,111146.74,5e-05
2025-09-25 15:38:28.637000,111146.74,5e-05
2025-09-25 15:38:28.637000,111146.74,5e-05
2025-09-25 15:38:28.637000,111146.74,5e-05
2025-09-25 15:38:28.637000,111146.74,5e-05
2025-09-25 15:38:28.637000,111146.74,5e-05
2025-09-25 15:38:28.637000,111146.74,5e-05
2025-09-25 15:38:28.637000,111146.74,5e-05
2025-09-25 15:38:28.637000,111146.74,5e-05
2025-09-25 15:38:28.637000,111146.75,5e-05
2025-09-25 15:38:28.637000,111146.75,5e-05
2025-09-25 15:38:28.637000,111146.75,5e-05
2025-09-25 15:38:28.637000,111146.75,5e-05
2025-09-25 15:38:28.637000,111146.75,5e-05
2025-09-25 15:38:28.637000,111146.75,5e-05
2025-09-25 15:38:28.637000,111146.75,5e-05
2025-09-25 15:38:28.637000,111146.75,5e-05
2025-09-25 15:38:28.637000,111146.75,5e-05
2025-09-25 15:38:28.637000,111146.75,5e-05
2025-09-25 15:38:28.637000,111146.84,5e-05
2025-09-25 15:38:28.637000,111147.0,5e-05
2025-09-25 15:38:28.648000,111147.01,5e-05
2025-09-25 15:38:28.648000,111147.01,5e-05
2025-09-25 15:38:28.648000,111147.01,0.0001
2025-09-25 15:38:28.648000,111147.01,5e-05
2025-09-25 15:38:28.648000,111147.01,5e-05
2025-09-25 15:38:28.648000,111147.01,5e-05
2025-09-25 15:38:28.648000,111147.01,5e-05
2025-09-25 15:38:28.648000,111147.01,5e-05
2025-09-25 15:38:28.648000,111147.01,5e-05
2025-09-25 15:38:28.648000,111147.01,5e-05
2025-09-25 15:38:28.648000,111147.01,5e-05
2025-09-25 15:38:28.648000,111147.01,5e-05
2025-09-25 15:38:28.648000,111147.01,5e-05
2025-09-25 15:38:28.648000,111147.01,5e-05
2025-09-25 15:38:28.648000,111147.01,5e-05
2025-09-25 15:38:28.648000,111147.01,5e-05
2025-09-25 15:38:28.648000,111147.01,5e-05
2025-09-25 15:38:28.648000,111147.01,5e-05
2025-09-25 15:38:28.648000,111147.01,5e-05
2025-09-25 15:38:28.648000,111147.01,5e-05
2025-09-25 15:38:28.648000,111147.01,5e-05
2025-09-25 15:38:28.648000,111147.01,5e-05
2025-09-25 15:38:28.648000,111147.01,5e-05
2025-09-25 15:38:28.648000,111147.01,5e-05
2025-09-25 15:38:28.648000,111147.01,5e-05
2025-09-25 15:38:28.648000,111147.01,5e-05
2025-09-25 15:38:28.648000,111147.01,0.00368
2025-09-25 15:38:28.648000,111147.01,5e-05
2025-09-25 15:38:28.648000,111147.01,5e-05
2025-09-25 15:38:28.648000,111147.02,0.0001
2025-09-25 15:38:28.648000,111147.02,5e-05
2025-09-25 15:38:28.648000,111147.02,5e-05
2025-09-25 15:38:28.648000,111147.02,5e-05
2025-09-25 15:38:28.648000,111147.02,5e-05
2025-09-25 15:38:28.648000,111147.02,5e-05
2025-09-25 15:38:28.648000,111147.02,5e-05
2025-09-25 15:38:28.648000,111147.02,5e-05
2025-09-25 15:38:28.648000,111147.02,5e-05
2025-09-25 15:38:28.648000,111147.02,5e-05
2025-09-25 15:38:28.648000,111147.65,5e-05
2025-09-25 15:38:28.648000,111147.79,5e-05
2025-09-25 15:38:28.648000,111147.79,5e-05
2025-09-25 15:38:28.648000,111147.79,5e-05
2025-09-25 15:38:28.648000,111147.79,5e-05
2025-09-25 15:38:28.648000,111147.8,0.07841
2025-09-25 15:38:28.648000,111147.8,5e-05
2025-09-25 15:38:28.648000,111147.8,5e-05
2025-09-25 15:38:28.648000,111148.26,5e-05
2025-09-25 15:38:28.648000,111148.26,5e-05
2025-09-25 15:38:28.648000,111148.26,5e-05
2025-09-25 15:38:28.648000,111148.54,5e-05
2025-09-25 15:38:28.648000,111149.23,5e-05
2025-09-25 15:38:28.648000,111149.24,5e-05
2025-09-25 15:38:28.648000,111149.24,5e-05
2025-09-25 15:38:28.648000,111149.24,5e-05
2025-09-25 15:38:28.648000,111149.24,5e-05
2025-09-25 15:38:28.648000,111149.25,0.03149
2025-09-25 15:38:28.648000,111149.25,5e-05
2025-09-25 15:38:28.648000,111149.25,5e-05
2025-09-25 15:38:28.648000,111149.25,5e-05
2025-09-25 15:38:28.648000,111149.25,5e-05
2025-09-25 15:38:28.648000,111149.25,5e-05
2025-09-25 15:38:28.648000,111149.37,5e-05
2025-09-25 15:38:28.648000,111149.37,5e-05
2025-09-25 15:38:28.648000,111149.37,5e-05
2025-09-25 15:38:28.648000,111149.37,5e-05
2025-09-25 15:38:28.648000,111149.37,5e-05
2025-09-25 15:38:28.648000,111149.37,5e-05
2025-09-25 15:38:28.648000,111149.93,0.00318
2025-09-25 15:38:28.648000,111149.99,9e-05
2025-09-25 15:38:28.648000,111150.0,0.001
2025-09-25 15:38:28.648000,111150.0,5e-05
2025-09-25 15:38:28.648000,111150.0,5e-05
2025-09-25 15:38:28.648000,111150.0,5e-05
2025-09-25 15:38:28.648000,111150.01,0.00845
2025-09-25 15:38:28.648000,111150.01,5e-05
2025-09-25 15:38:28.648000,111150.01,5e-05
2025-09-25 15:38:28.648000,111150.01,5e-05
2025-09-25 15:38:28.648000,111150.01,5e-05
2025-09-25 15:38:28.648000,111150.02,0.01619
2025-09-25 15:38:28.648000,111150.02,5e-05
2025-09-25 15:38:28.648000,111150.02,5e-05
2025-09-25 15:38:28.648000,111151.0,5e-05
2025-09-25 15:38:28.648000,111151.0,5e-05
2025-09-25 15:38:28.648000,111151.0,5e-05
2025-09-25 15:38:28.648000,111151.67,0.0009
2025-09-25 15:38:28.648000,111151.86,5e-05
2025-09-25 15:38:28.648000,111151.86,5e-05
2025-09-25 15:38:28.648000,111151.86,5e-05
2025-09-25 15:38:28.648000,111152.36,5e-05
2025-09-25 15:38:28.648000,111153.0,5e-05
2025-09-25 15:38:28.648000,111153.2,0.06949
2025-09-25 15:38:28.648000,111153.66,5e-05
2025-09-25 15:38:28.648000,111153.66,5e-05
2025-09-25 15:38:28.648000,111153.66,5e-05
2025-09-25 15:38:28.648000,111154.78,0.00025
2025-09-25 15:38:28.648000,111154.99,9e-05
2025-09-25 15:38:28.648000,111155.39,0.003
2025-09-25 15:38:28.648000,111155.46,5e-05
2025-09-25 15:38:28.648000,111155.46,5e-05
2025-09-25 15:38:28.648000,111155.46,5e-05
2025-09-25 15:38:28.648000,111155.46,5e-05
2025-09-25 15:38:28.648000,111155.46,5e-05
2025-09-25 15:38:28.648000,111155.46,5e-05
2025-09-25 15:38:28.648000,111155.47,0.00831
2025-09-25 15:38:28.648000,111155.47,9e-05
2025-09-25 15:38:28.648000,111155.47,0.00093
2025-09-25 15:38:28.648000,111155.47,0.0047
2025-09-25 15:38:28.648000,111155.47,5e-05
2025-09-25 15:38:28.648000,111155.47,5e-05
2025-09-25 15:38:28.648000,111155.47,5e-05
2025-09-25 15:38:28.648000,111155.47,5e-05
2025-09-25 15:38:28.648000,111155.47,5e-05
2025-09-25 15:38:28.648000,111156.35,5e-05
2025-09-25 15:38:28.648000,111157.4,5e-05
2025-09-25 15:38:28.648000,111157.41,5e-05
2025-09-25 15:38:28.648000,111157.62,0.00073
2025-09-25 15:38:28.648000,111157.8,5e-05
2025-09-25 15:38:28.648000,111157.98,5e-05
2025-09-25 15:38:28.648000,111157.99,0.00068
2025-09-25 15:38:28.648000,111158.15,0.0001
2025-09-25 15:38:28.648000,111159.19,5e-05
2025-09-25 15:38:28.648000,111159.19,5e-05
2025-09-25 15:38:28.648000,111159.19,5e-05
2025-09-25 15:38:28.648000,111159.25,5e-05
2025-09-25 15:38:28.648000,111159.7,5e-05
2025-09-25 15:38:28.648000,111159.99,9e-05
2025-09-25 15:38:28.648000,111160.0,5e-05
2025-09-25 15:38:28.648000,111160.57,6e-05
2025-09-25 15:38:28.648000,111160.77,0.00325
2025-09-25 15:38:28.648000,111160.77,5e-05
2025-09-25 15:38:28.648000,111160.77,5e-05
2025-09-25 15:38:28.648000,111160.77,5e-05
2025-09-25 15:38:28.769000,111161.66,0.08954
2025-09-25 15:38:28.803000,111161.67,0.0013
2025-09-25 15:38:28.810000,111161.67,0.00083
2025-09-25 15:38:28.882000,111161.67,0.00816
2025-09-25 15:38:29.017000,111161.66,0.00017
2025-09-25 15:38:29.396000,111161.66,0.00012
2025-09-25 15:38:29.452000,111161.66,0.00532
2025-09-25 15:38:29.674000,111161.67,0.00439
2025-09-25 15:38:29.922000,111161.66,0.00102
2025-09-25 15:38:30.151000,111161.67,0.00132
2025-09-25 15:38:30.438000,111161.67,0.00639
2025-09-25 15:38:31.027000,111161.67,0.00244
2025-09-25 15:38:31.027000,111161.67,5e-05
2025-09-25 15:38:31.027000,111161.67,5e-05
2025-09-25 15:38:31.027000,111161.67,0.04195
2025-09-25 15:38:31.027000,111161.67,5e-05
2025-09-25 15:38:31.027000,111161.67,5e-05
2025-09-25 15:38:31.027000,111161.67,5e-05
2025-09-25 15:38:31.027000,111161.67,5e-05
2025-09-25 15:38:31.027000,111161.67,5e-05
2025-09-25 15:38:31.027000,111161.67,5e-05
2025-09-25 15:38:31.027000,111161.67,5e-05
2025-09-25 15:38:31.027000,111161.67,0.0001
2025-09-25 15:38:31.027000,111161.67,5e-05
2025-09-25 15:38:31.027000,111161.67,5e-05
2025-09-25 15:38:31.027000,111161.67,5e-05
2025-09-25 15:38:31.027000,111161.67,5e-05
2025-09-25 15:38:31.027000,111161.67,5e-05
2025-09-25 15:38:31.027000,111161.67,5e-05
2025-09-25 15:38:31.027000,111161.67,5e-05
2025-09-25 15:38:31.027000,111161.67,5e-05
2025-09-25 15:38:31.027000,111161.67,5e-05
2025-09-25 15:38:31.027000,111161.67,0.00068
2025-09-25 15:38:31.027000,111161.67,5e-05
2025-09-25 15:38:31.027000,111161.67,5e-05
2025-09-25 15:38:31.027000,111161.67,5e-05
2025-09-25 15:38:31.027000,111161.67,5e-05
2025-09-25 15:38:31.027000,111161.67,5e-05
2025-09-25 15:38:31.027000,111161.67,5e-05
2025-09-25 15:38:31.027000,111161.67,5e-05
2025-09-25 15:38:31.027000,111161.67,5e-05
2025-09-25 15:38:31.027000,111161.67,5e-05
2025-09-25 15:38:31.027000,111161.67,5e-05
2025-09-25 15:38:31.027000,111161.67,5e-05
2025-09-25 15:38:31.027000,111161.68,5e-05
2025-09-25 15:38:31.027000,111161.68,5e-05
2025-09-25 15:38:31.027000,111161.68,5e-05
2025-09-25 15:38:31.027000,111161.68,5e-05
2025-09-25 15:38:31.027000,111161.68,5e-05
2025-09-25 15:38:31.027000,111161.68,5e-05
2025-09-25 15:38:31.027000,111161.68,5e-05
2025-09-25 15:38:31.027000,111161.68,5e-05
2025-09-25 15:38:31.027000,111161.68,5e-05
2025-09-25 15:38:31.027000,111161.69,5e-05
2025-09-25 15:38:31.027000,111161.69,5e-05
2025-09-25 15:38:31.027000,111161.69,0.0001
2025-09-25 15:38:31.027000,111161.69,5e-05
2025-09-25 15:38:31.027000,111161.7,0.02
2025-09-25 15:38:31.027000,111161.7,0.0001
2025-09-25 15:38:31.027000,111161.7,5e-05
2025-09-25 15:38:31.027000,111161.7,5e-05
2025-09-25 15:38:31.027000,111161.7,5e-05
2025-09-25 15:38:31.027000,111161.7,5e-05
2025-09-25 15:38:31.027000,111161.7,5e-05
2025-09-25 15:38:31.027000,111161.71,0.0001
2025-09-25 15:38:31.027000,111161.74,5e-05
2025-09-25 15:38:31.027000,111161.74,5e-05
2025-09-25 15:38:31.027000,111161.74,5e-05
2025-09-25 15:38:31.027000,111161.75,0.02
2025-09-25 15:38:31.027000,111161.75,0.0001
2025-09-25 15:38:31.027000,111161.75,5e-05
2025-09-25 15:38:31.027000,111161.75,5e-05
2025-09-25 15:38:31.027000,111163.6,5e-05
2025-09-25 15:38:31.027000,111163.68,0.0015
2025-09-25 15:38:31.027000,111163.7,5e-05
2025-09-25 15:38:31.027000,111163.71,5e-05
2025-09-25 15:38:31.027000,111163.71,5e-05
2025-09-25 15:38:31.027000,111163.71,5e-05
2025-09-25 15:38:31.027000,111164.0,0.002
2025-09-25 15:38:31.027000,111164.34,5e-05
2025-09-25 15:38:31.027000,111164.99,9e-05
2025-09-25 15:38:31.027000,111165.71,5e-05
2025-09-25 15:38:31.027000,111165.72,5e-05
2025-09-25 15:38:31.027000,111165.73,5e-05
2025-09-25 15:38:31.027000,111165.73,5e-05
2025-09-25 15:38:31.027000,111165.73,5e-05
2025-09-25 15:38:31.027000,111166.35,5e-05
2025-09-25 15:38:31.027000,111166.35,5e-05
2025-09-25 15:38:31.027000,111166.35,5e-05
2025-09-25 15:38:31.027000,111166.35,5e-05
2025-09-25 15:38:31.027000,111166.36,0.05666
2025-09-25 15:38:31.033000,111166.36,5e-05
2025-09-25 15:38:31.033000,111166.36,5e-05
2025-09-25 15:38:31.033000,111166.36,5e-05
2025-09-25 15:38:31.033000,111166.36,5e-05
2025-09-25 15:38:31.033000,111166.36,5e-05
2025-09-25 15:38:31.033000,111166.36,5e-05
2025-09-25 15:38:31.033000,111166.36,5e-05
2025-09-25 15:38:31.033000,111166.36,5e-05
2025-09-25 15:38:31.033000,111166.36,5e-05
2025-09-25 15:38:31.033000,111166.36,5e-05
2025-09-25 15:38:31.033000,111166.36,5e-05
2025-09-25 15:38:31.033000,111166.36,5e-05
2025-09-25 15:38:31.033000,111166.36,5e-05
2025-09-25 15:38:31.033000,111166.36,5e-05
2025-09-25 15:38:31.033000,111166.36,5e-05
2025-09-25 15:38:31.033000,111166.36,5e-05
2025-09-25 15:38:31.033000,111166.36,5e-05
2025-09-25 15:38:31.033000,111166.36,5e-05
2025-09-25 15:38:31.033000,111166.36,5e-05
2025-09-25 15:38:31.033000,111166.36,5e-05
2025-09-25 15:38:31.033000,111166.36,0.00206
2025-09-25 15:38:31.033000,111166.36,5e-05
2025-09-25 15:38:31.033000,111166.36,5e-05
2025-09-25 15:38:31.033000,111166.37,5e-05
2025-09-25 15:38:31.033000,111166.37,5e-05
2025-09-25 15:38:31.033000,111166.37,5e-05
2025-09-25 15:38:31.033000,111166.37,5e-05
2025-09-25 15:38:31.033000,111166.37,5e-05
2025-09-25 15:38:31.033000,111166.37,5e-05
2025-09-25 15:38:31.033000,111166.37,5e-05
2025-09-25 15:38:31.033000,111166.37,5e-05
2025-09-25 15:38:31.033000,111166.37,5e-05
2025-09-25 15:38:31.033000,111166.37,5e-05
2025-09-25 15:38:31.033000,111166.37,5e-05
2025-09-25 15:38:31.033000,111166.37,5e-05
2025-09-25 15:38:31.033000,111166.37,5e-05
2025-09-25 15:38:31.033000,111166.37,5e-05
2025-09-25 15:38:31.033000,111166.37,5e-05
2025-09-25 15:38:31.033000,111166.4,5e-05
2025-09-25 15:38:31.033000,111166.4,5e-05
2025-09-25 15:38:31.033000,111166.4,5e-05
2025-09-25 15:38:31.033000,111166.71,5e-05
2025-09-25 15:38:31.033000,111166.71,5e-05
2025-09-25 15:38:31.033000,111166.71,5e-05
2025-09-25 15:38:31.033000,111166.71,5e-05
2025-09-25 15:38:31.035000,111166.72,5e-05
2025-09-25 15:38:31.035000,111166.72,5e-05
2025-09-25 15:38:31.035000,111166.72,5e-05
2025-09-25 15:38:31.035000,111166.72,5e-05
2025-09-25 15:38:31.035000,111166.72,5e-05
2025-09-25 15:38:31.035000,111166.72,5e-05
2025-09-25 15:38:31.035000,111166.72,5e-05
2025-09-25 15:38:31.035000,111166.73,5e-05
2025-09-25 15:38:31.035000,111166.73,5e-05
2025-09-25 15:38:31.035000,111166.88,5e-05
2025-09-25 15:38:31.071000,111166.89,5e-05
2025-09-25 15:38:31.071000,111166.89,5e-05
2025-09-25 15:38:31.071000,111166.89,5e-05
2025-09-25 15:38:31.071000,111166.89,5e-05
2025-09-25 15:38:31.071000,111166.89,5e-05
2025-09-25 15:38:31.071000,111166.89,5e-05
2025-09-25 15:38:31.071000,111166.89,5e-05
2025-09-25 15:38:31.071000,111166.89,5e-05
2025-09-25 15:38:31.071000,111166.89,5e-05
2025-09-25 15:38:31.071000,111166.89,5e-05
2025-09-25 15:38:31.071000,111166.89,5e-05
2025-09-25 15:38:31.071000,111166.89,5e-05
2025-09-25 15:38:31.071000,111166.89,5e-05
2025-09-25 15:38:31.071000,111166.89,5e-05
2025-09-25 15:38:31.071000,111166.89,5e-05
2025-09-25 15:38:31.071000,111166.89,5e-05
2025-09-25 15:38:31.071000,111166.89,5e-05
2025-09-25 15:38:31.071000,111166.89,5e-05
2025-09-25 15:38:31.071000,111166.89,5e-05
2025-09-25 15:38:31.071000,111166.89,5e-05
2025-09-25 15:38:31.071000,111166.89,5e-05
2025-09-25 15:38:31.071000,111166.89,5e-05
2025-09-25 15:38:31.071000,111166.89,5e-05
2025-09-25 15:38:31.071000,111166.89,5e-05
2025-09-25 15:38:31.071000,111166.89,5e-05
2025-09-25 15:38:31.071000,111166.89,5e-05
2025-09-25 15:38:31.071000,111166.89,5e-05
2025-09-25 15:38:31.071000,111166.89,5e-05
2025-09-25 15:38:31.071000,111166.89,5e-05
2025-09-25 15:38:31.071000,111166.89,5e-05
2025-09-25 15:38:31.071000,111166.89,5e-05
2025-09-25 15:38:31.071000,111166.89,5e-05
2025-09-25 15:38:31.071000,111166.89,0.00266
2025-09-25 15:38:31.071000,111166.9,5e-05
2025-09-25 15:38:31.071000,111166.9,5e-05
2025-09-25 15:38:31.071000,111166.9,5e-05
2025-09-25 15:38:31.071000,111166.9,5e-05
2025-09-25 15:38:31.071000,111166.9,5e-05
2025-09-25 15:38:31.071000,111166.9,5e-05
2025-09-25 15:38:31.071000,111166.9,5e-05
2025-09-25 15:38:31.071000,111166.9,5e-05
2025-09-25 15:38:31.071000,111166.9,5e-05
2025-09-25 15:38:31.071000,111166.9,5e-05
2025-09-25 15:38:31.071000,111166.9,5e-05
2025-09-25 15:38:31.071000,111166.9,5e-05
2025-09-25 15:38:31.071000,111166.9,5e-05
2025-09-25 15:38:31.071000,111166.9,5e-05
2025-09-25 15:38:31.071000,111166.9,5e-05
2025-09-25 15:38:31.071000,111166.9,5e-05
2025-09-25 15:38:31.071000,111166.95,0.00012
2025-09-25 15:38:31.071000,111166.97,5e-05
2025-09-25 15:38:31.071000,111166.97,5e-05
2025-09-25 15:38:31.071000,111166.98,5e-05
2025-09-25 15:38:31.071000,111166.98,5e-05
2025-09-25 15:38:31.071000,111166.99,5e-05
2025-09-25 15:38:31.071000,111166.99,5e-05
2025-09-25 15:38:31.071000,111167.0,5e-05
2025-09-25 15:38:31.071000,111167.0,5e-05
2025-09-25 15:38:31.071000,111167.01,5e-05
2025-09-25 15:38:31.071000,111167.01,5e-05
2025-09-25 15:38:31.071000,111167.01,5e-05
2025-09-25 15:38:31.071000,111168.0,0.002
2025-09-25 15:38:31.071000,111168.0,5e-05
2025-09-25 15:38:31.071000,111168.0,5e-05
2025-09-25 15:38:31.071000,111168.0,5e-05
2025-09-25 15:38:31.071000,111168.17,5e-05
2025-09-25 15:38:31.071000,111168.17,5e-05
2025-09-25 15:38:31.071000,111168.17,5e-05
2025-09-25 15:38:31.071000,111168.45,0.00029
2025-09-25 15:38:31.071000,111169.22,5e-05
2025-09-25 15:38:31.071000,111169.75,5e-05
2025-09-25 15:38:31.071000,111169.99,9e-05
2025-09-25 15:38:31.071000,111170.14,0.00349
2025-09-25 15:38:31.078000,111170.14,5e-05
2025-09-25 15:38:31.078000,111170.14,5e-05
2025-09-25 15:38:31.078000,111170.14,5e-05
2025-09-25 15:38:31.078000,111170.14,5e-05
2025-09-25 15:38:31.078000,111170.14,5e-05
2025-09-25 15:38:31.078000,111170.14,5e-05
2025-09-25 15:38:31.078000,111170.14,5e-05
2025-09-25 15:38:31.078000,111170.14,5e-05
2025-09-25 15:38:31.078000,111170.14,5e-05
2025-09-25 15:38:31.078000,111170.14,5e-05
2025-09-25 15:38:31.078000,111170.14,5e-05
2025-09-25 15:38:31.078000,111170.14,5e-05
2025-09-25 15:38:31.078000,111170.14,5e-05
2025-09-25 15:38:31.078000,111170.14,5e-05
2025-09-25 15:38:31.078000,111170.14,5e-05
2025-09-25 15:38:31.078000,111170.14,5e-05
2025-09-25 15:38:31.078000,111170.14,5e-05
2025-09-25 15:38:31.078000,111170.14,5e-05
2025-09-25 15:38:31.078000,111170.14,0.00064
2025-09-25 15:38:31.078000,111170.14,5e-05
2025-09-25 15:38:31.078000,111170.14,5e-05
2025-09-25 15:38:31.078000,111170.15,5e-05
2025-09-25 15:38:31.078000,111170.15,5e-05
2025-09-25 15:38:31.078000,111170.15,5e-05
2025-09-25 15:38:31.078000,111170.15,5e-05
2025-09-25 15:38:31.078000,111170.15,5e-05
2025-09-25 15:38:31.078000,111170.15,5e-05
2025-09-25 15:38:31.078000,111170.15,5e-05
2025-09-25 15:38:31.078000,111170.15,5e-05
2025-09-25 15:38:31.078000,111170.15,5e-05
2025-09-25 15:38:31.078000,111170.15,5e-05
2025-09-25 15:38:31.078000,111170.15,5e-05
2025-09-25 15:38:31.078000,111170.15,5e-05
2025-09-25 15:38:31.078000,111170.15,5e-05
2025-09-25 15:38:31.078000,111170.15,5e-05
2025-09-25 15:38:31.078000,111170.15,5e-05
2025-09-25 15:38:31.078000,111170.37,5e-05
2025-09-25 15:38:31.078000,111170.4,5e-05
2025-09-25 15:38:31.078000,111170.4,5e-05
2025-09-25 15:38:31.078000,111170.4,5e-05
2025-09-25 15:38:31.078000,111170.4,5e-05
2025-09-25 15:38:31.078000,111170.49,0.00032
2025-09-25 15:38:31.078000,111170.49,5e-05
2025-09-25 15:38:31.078000,111170.5,0.00259
2025-09-25 15:38:31.078000,111170.5,5e-05
2025-09-25 15:38:31.078000,111170.5,5e-05
2025-09-25 15:38:31.078000,111170.5,5e-05
2025-09-25 15:38:31.078000,111170.5,5e-05
2025-09-25 15:38:31.078000,111171.11,5e-05
2025-09-25 15:38:31.078000,111171.11,5e-05
2025-09-25 15:38:31.078000,111171.11,5e-05
2025-09-25 15:38:31.078000,111171.13,0.00078
2025-09-25 15:38:31.078000,111171.13,0.00222
2025-09-25 15:38:31.078000,111171.13,5e-05
2025-09-25 15:38:31.078000,111171.13,5e-05
2025-09-25 15:38:31.078000,111171.13,5e-05
2025-09-25 15:38:31.078000,111171.45,0.00117
2025-09-25 15:38:31.078000,111171.69,5e-05
2025-09-25 15:38:31.078000,111171.69,5e-05
2025-09-25 15:38:31.078000,111171.69,5e-05
2025-09-25 15:38:31.078000,111171.69,5e-05
2025-09-25 15:38:31.078000,111171.7,5e-05
2025-09-25 15:38:31.078000,111171.7,5e-05
2025-09-25 15:38:31.078000,111171.7,5e-05
2025-09-25 15:38:31.078000,111172.0,0.002
2025-09-25 15:38:31.078000,111172.0,5e-05
2025-09-25 15:38:31.078000,111172.0,5e-05
2025-09-25 15:38:31.078000,111172.0,5e-05
2025-09-25 15:38:31.078000,111172.6,0.00239
2025-09-25 15:38:31.116000,111172.6,0.02545
2025-09-25 15:38:31.116000,111172.6,5e-05
2025-09-25 15:38:31.116000,111172.6,5e-05
2025-09-25 15:38:31.116000,111172.6,5e-05
2025-09-25 15:38:31.116000,111172.6,5e-05
2025-09-25 15:38:31.116000,111172.6,5e-05
2025-09-25 15:38:31.116000,111172.6,5e-05
2025-09-25 15:38:31.116000,111172.6,5e-05
2025-09-25 15:38:31.116000,111172.6,5e-05
2025-09-25 15:38:31.116000,111172.6,5e-05
2025-09-25 15:38:31.116000,111172.6,5e-05
2025-09-25 15:38:31.116000,111172.6,5e-05
2025-09-25 15:38:31.116000,111172.6,5e-05
2025-09-25 15:38:31.116000,111172.6,0.00245
2025-09-25 15:38:31.116000,111172.6,0.00091
2025-09-25 15:38:31.116000,111172.6,0.0008
2025-09-25 15:38:31.116000,111172.6,0.0001
2025-09-25 15:38:31.116000,111172.6,5e-05
2025-09-25 15:38:31.116000,111172.6,5e-05
2025-09-25 15:38:31.116000,111172.6,5e-05
2025-09-25 15:38:31.116000,111172.6,5e-05
2025-09-25 15:38:31.116000,111172.6,5e-05
2025-09-25 15:38:31.116000,111172.6,5e-05
2025-09-25 15:38:31.116000,111172.6,5e-05
2025-09-25 15:38:31.116000,111172.61,5e-05
2025-09-25 15:38:31.116000,111172.61,5e-05
2025-09-25 15:38:31.116000,111172.61,5e-05
2025-09-25 15:38:31.116000,111172.61,5e-05
2025-09-25 15:38:31.116000,111172.61,5e-05
2025-09-25 15:38:31.116000,111172.61,5e-05
2025-09-25 15:38:31.116000,111172.61,5e-05
2025-09-25 15:38:31.116000,111172.61,5e-05
2025-09-25 15:38:31.116000,111172.61,5e-05
2025-09-25 15:38:31.116000,111172.61,5e-05
2025-09-25 15:38:31.116000,111172.61,5e-05
2025-09-25 15:38:31.116000,111172.61,5e-05
2025-09-25 15:38:31.116000,111172.61,5e-05
2025-09-25 15:38:31.116000,111172.61,5e-05
2025-09-25 15:38:31.116000,111172.61,5e-05
2025-09-25 15:38:31.116000,111172.61,5e-05
2025-09-25 15:38:31.116000,111172.61,5e-05
2025-09-25 15:38:31.116000,111172.61,5e-05
2025-09-25 15:38:31.116000,111172.61,5e-05
2025-09-25 15:38:31.116000,111172.61,5e-05
2025-09-25 15:38:31.116000,111172.62,0.0001
2025-09-25 15:38:31.116000,111172.88,5e-05
2025-09-25 15:38:31.116000,111172.88,5e-05
2025-09-25 15:38:31.116000,111172.88,5e-05
2025-09-25 15:38:31.116000,111173.1,5e-05
2025-09-25 15:38:31.116000,111173.61,5e-05
2025-09-25 15:38:31.116000,111173.62,5e-05
2025-09-25 15:38:31.116000,111173.72,5e-05
2025-09-25 15:38:31.116000,111174.28,5e-05
2025-09-25 15:38:31.116000,111174.28,5e-05
2025-09-25 15:38:31.116000,111174.28,5e-05
2025-09-25 15:38:31.240000,111174.29,0.012
2025-09-25 15:38:31.242000,111174.29,0.012
2025-09-25 15:38:31.242000,111174.29,0.012
2025-09-25 15:38:31.258000,111174.29,0.012
2025-09-25 15:38:31.260000,111174.29,0.012
2025-09-25 15:38:31.400000,111174.29,0.012
2025-09-25 15:38:31.401000,111174.29,0.012
2025-09-25 15:38:31.401000,111174.29,0.012
2025-09-25 15:38:31.401000,111174.29,0.012
2025-09-25 15:38:31.401000,111174.29,0.012
2025-09-25 15:38:31.401000,111174.29,0.012
2025-09-25 15:38:31.402000,111174.29,0.012
2025-09-25 15:38:31.402000,111174.29,0.012
2025-09-25 15:38:31.402000,111174.29,0.012
2025-09-25 15:38:31.402000,111174.29,0.012
2025-09-25 15:38:31.424000,111174.29,0.012
2025-09-25 15:38:31.433000,111174.29,0.00422
2025-09-25 15:38:31.615000,111174.29,0.0001
2025-09-25 15:38:31.615000,111174.29,5e-05
2025-09-25 15:38:31.615000,111174.29,5e-05
2025-09-25 15:38:31.615000,111174.29,5e-05
2025-09-25 15:38:31.615000,111174.29,5e-05
2025-09-25 15:38:31.615000,111174.29,5e-05
2025-09-25 15:38:31.615000,111174.29,5e-05
2025-09-25 15:38:31.615000,111174.29,5e-05
2025-09-25 15:38:31.615000,111174.29,5e-05
2025-09-25 15:38:31.615000,111174.29,5e-05
2025-09-25 15:38:31.615000,111174.29,5e-05
2025-09-25 15:38:31.615000,111174.29,5e-05
2025-09-25 15:38:31.615000,111174.29,5e-05
2025-09-25 15:38:31.615000,111174.29,5e-05
2025-09-25 15:38:31.615000,111174.29,5e-05
2025-09-25 15:38:31.615000,111174.29,5e-05
2025-09-25 15:38:31.615000,111174.29,5e-05
2025-09-25 15:38:31.615000,111174.29,5e-05
2025-09-25 15:38:31.615000,111174.29,5e-05
2025-09-25 15:38:31.615000,111174.29,5e-05
2025-09-25 15:38:31.615000,111174.29,5e-05
2025-09-25 15:38:31.615000,111174.29,5e-05
2025-09-25 15:38:31.615000,111174.29,5e-05
2025-09-25 15:38:31.615000,111174.29,5e-05
2025-09-25 15:38:31.615000,111174.29,5e-05
2025-09-25 15:38:31.615000,111174.29,0.00082
2025-09-25 15:38:31.615000,111174.29,0.00226
2025-09-25 15:38:31.615000,111174.29,0.00318
2025-09-25 15:38:31.615000,111174.29,5e-05
2025-09-25 15:38:31.615000,111174.29,5e-05
2025-09-25 15:38:31.615000,111174.29,5e-05
2025-09-25 15:38:31.615000,111174.29,5e-05
2025-09-25 15:38:31.615000,111174.29,5e-05
2025-09-25 15:38:31.615000,111174.29,5e-05
2025-09-25 15:38:31.615000,111174.29,5e-05
2025-09-25 15:38:31.615000,111174.29,5e-05
2025-09-25 15:38:31.615000,111174.29,5e-05
2025-09-25 15:38:31.615000,111174.29,5e-05
2025-09-25 15:38:31.615000,111174.29,5e-05
2025-09-25 15:38:31.615000,111174.29,5e-05
2025-09-25 15:38:31.615000,111174.29,5e-05
2025-09-25 15:38:31.615000,111174.29,5e-05
2025-09-25 15:38:31.615000,111174.29,5e-05
2025-09-25 15:38:31.615000,111174.29,5e-05
2025-09-25 15:38:31.615000,111174.29,5e-05
2025-09-25 15:38:31.615000,111174.29,5e-05
2025-09-25 15:38:31.615000,111174.29,5e-05
2025-09-25 15:38:31.615000,111174.29,5e-05
2025-09-25 15:38:31.615000,111174.29,5e-05
2025-09-25 15:38:31.615000,111174.29,5e-05
2025-09-25 15:38:31.615000,111174.3,5e-05
2025-09-25 15:38:31.615000,111174.3,5e-05
2025-09-25 15:38:31.615000,111174.3,5e-05
2025-09-25 15:38:31.615000,111174.3,5e-05
2025-09-25 15:38:31.615000,111174.3,5e-05
2025-09-25 15:38:31.615000,111174.3,5e-05
2025-09-25 15:38:31.615000,111174.3,5e-05
2025-09-25 15:38:31.615000,111174.3,5e-05
2025-09-25 15:38:31.615000,111174.3,5e-05
2025-09-25 15:38:31.615000,111174.3,5e-05
2025-09-25 15:38:31.615000,111174.3,5e-05
2025-09-25 15:38:31.615000,111174.3,5e-05
2025-09-25 15:38:31.615000,111174.3,5e-05
2025-09-25 15:38:31.615000,111174.3,5e-05
2025-09-25 15:38:31.615000,111174.31,0.0001
2025-09-25 15:38:31.615000,111174.84,5e-05
2025-09-25 15:38:31.615000,111174.99,9e-05
2025-09-25 15:38:31.615000,111175.99,0.0001
2025-09-25 15:38:31.615000,111176.0,0.002
2025-09-25 15:38:31.615000,111176.0,5e-05
2025-09-25 15:38:31.615000,111176.0,0.0001
2025-09-25 15:38:31.615000,111176.0,5e-05
2025-09-25 15:38:31.615000,111176.0,5e-05
2025-09-25 15:38:31.615000,111176.01,0.0001
2025-09-25 15:38:31.615000,111177.56,5e-05
2025-09-25 15:38:31.615000,111178.33,5e-05
2025-09-25 15:38:31.615000,111178.34,0.00144
2025-09-25 15:38:31.615000,111178.34,5e-05
2025-09-25 15:38:31.615000,111178.34,5e-05
2025-09-25 15:38:31.615000,111178.34,0.0001
2025-09-25 15:38:31.615000,111178.36,5e-05
2025-09-25 15:38:31.615000,111178.37,5e-05
2025-09-25 15:38:31.615000,111178.37,5e-05
2025-09-25 15:38:31.615000,111178.37,5e-05
2025-09-25 15:38:31.616000,111178.52,5e-05
2025-09-25 15:38:31.616000,111178.52,5e-05
2025-09-25 15:38:31.616000,111178.52,5e-05
2025-09-25 15:38:31.915000,111178.53,5e-05
2025-09-25 15:38:31.915000,111178.53,5e-05
2025-09-25 15:38:31.915000,111178.53,5e-05
2025-09-25 15:38:31.915000,111178.53,0.0001
2025-09-25 15:38:31.915000,111178.53,5e-05
2025-09-25 15:38:31.915000,111178.53,5e-05
2025-09-25 15:38:31.915000,111178.53,5e-05
2025-09-25 15:38:31.915000,111178.53,5e-05
2025-09-25 15:38:31.915000,111178.53,5e-05
2025-09-25 15:38:31.915000,111178.53,5e-05
2025-09-25 15:38:31.915000,111178.53,5e-05
2025-09-25 15:38:31.915000,111178.53,5e-05
2025-09-25 15:38:31.915000,111178.53,5e-05
2025-09-25 15:38:31.915000,111178.53,0.00143
2025-09-25 15:38:31.915000,111178.53,0.00318
2025-09-25 15:38:31.915000,111178.53,5e-05
2025-09-25 15:38:31.915000,111178.53,5e-05
2025-09-25 15:38:31.915000,111178.53,5e-05
2025-09-25 15:38:31.915000,111178.53,5e-05
2025-09-25 15:38:31.915000,111178.53,5e-05
2025-09-25 15:38:31.915000,111178.53,5e-05
2025-09-25 15:38:31.915000,111178.53,5e-05
2025-09-25 15:38:31.915000,111178.53,5e-05
2025-09-25 15:38:31.915000,111178.53,5e-05
2025-09-25 15:38:31.915000,111178.54,5e-05
2025-09-25 15:38:31.915000,111178.54,5e-05
2025-09-25 15:38:31.915000,111178.54,5e-05
2025-09-25 15:38:31.915000,111178.54,5e-05
2025-09-25 15:38:31.915000,111178.54,5e-05
2025-09-25 15:38:31.915000,111178.54,5e-05
2025-09-25 15:38:31.915000,111178.54,5e-05
2025-09-25 15:38:31.915000,111178.54,5e-05
2025-09-25 15:38:31.915000,111178.54,5e-05
2025-09-25 15:38:31.915000,111178.54,5e-05
2025-09-25 15:38:31.915000,111178.54,5e-05
2025-09-25 15:38:31.915000,111178.54,5e-05
2025-09-25 15:38:31.915000,111178.54,5e-05
2025-09-25 15:38:31.915000,111178.54,5e-05
2025-09-25 15:38:31.915000,111178.54,5e-05
2025-09-25 15:38:31.915000,111178.54,5e-05
2025-09-25 15:38:31.915000,111178.55,0.0001
2025-09-25 15:38:31.915000,111178.8,5e-05
2025-09-25 15:38:31.915000,111179.73,0.00166
2025-09-25 15:38:31.915000,111179.73,5e-05
2025-09-25 15:38:31.915000,111179.73,0.0001
2025-09-25 15:38:31.915000,111179.73,5e-05
2025-09-25 15:38:31.915000,111179.73,5e-05
2025-09-25 15:38:31.915000,111179.74,0.0001
2025-09-25 15:38:31.915000,111179.8,5e-05
2025-09-25 15:38:31.915000,111179.91,5e-05
2025-09-25 15:38:31.915000,111179.99,9e-05
2025-09-25 15:38:31.915000,111179.99,5e-05
2025-09-25 15:38:31.915000,111179.99,5e-05
2025-09-25 15:38:31.915000,111179.99,5e-05
2025-09-25 15:38:31.915000,111180.0,0.01799
2025-09-25 15:38:31.915000,111180.0,0.002
2025-09-25 15:38:31.915000,111180.0,5e-05
2025-09-25 15:38:31.915000,111180.0,0.0001
2025-09-25 15:38:31.915000,111180.46,5e-05
2025-09-25 15:38:31.915000,111180.6,5e-05
2025-09-25 15:38:31.915000,111180.6,5e-05
2025-09-25 15:38:31.915000,111180.6,5e-05
2025-09-25 15:38:31.995000,111180.61,0.00045
2025-09-25 15:38:32.658000,111180.61,8e-05
2025-09-25 15:38:32.884000,111180.6,0.22756
2025-09-25 15:38:32.915000,111180.6,0.08647
2025-09-25 15:38:32.946000,111180.6,0.03265
2025-09-25 15:38:32.946000,111180.6,0.0267
2025-09-25 15:38:32.977000,111180.6,5e-05
2025-09-25 15:38:32.977000,111180.6,0.053
2025-09-25 15:38:32.977000,111180.6,5e-05
2025-09-25 15:38:32.977000,111180.6,5e-05
2025-09-25 15:38:32.977000,111180.6,5e-05
2025-09-25 15:38:32.977000,111180.6,5e-05
2025-09-25 15:38:32.977000,111180.6,5e-05
2025-09-25 15:38:32.977000,111180.6,0.00044
2025-09-25 15:38:32.977000,111180.6,0.00037
2025-09-25 15:38:32.977000,111180.6,7e-05
2025-09-25 15:38:32.977000,111180.6,0.00073
2025-09-25 15:38:32.977000,111180.6,5e-05
2025-09-25 15:38:32.977000,111180.6,5e-05
2025-09-25 15:38:32.977000,111180.6,5e-05
2025-09-25 15:38:32.977000,111180.6,5e-05
2025-09-25 15:38:32.977000,111180.6,5e-05
2025-09-25 15:38:32.977000,111180.6,5e-05
2025-09-25 15:38:32.977000,111180.6,5e-05
2025-09-25 15:38:32.977000,111180.6,5e-05
2025-09-25 15:38:32.977000,111180.6,5e-05
2025-09-25 15:38:32.977000,111180.6,5e-05
2025-09-25 15:38:32.977000,111180.6,5e-05
2025-09-25 15:38:32.977000,111180.6,5e-05
2025-09-25 15:38:32.977000,111180.6,5e-05
2025-09-25 15:38:32.977000,111180.6,5e-05
2025-09-25 15:38:32.977000,111180.6,5e-05
2025-09-25 15:38:32.977000,111180.6,5e-05
2025-09-25 15:38:32.977000,111180.6,5e-05
2025-09-25 15:38:32.977000,111180.6,5e-05
2025-09-25 15:38:32.977000,111180.6,5e-05
2025-09-25 15:38:32.977000,111180.6,5e-05
2025-09-25 15:38:32.977000,111180.6,0.0001
2025-09-25 15:38:32.977000,111180.6,5e-05
2025-09-25 15:38:32.977000,111180.6,5e-05
2025-09-25 15:38:32.977000,111180.6,5e-05
2025-09-25 15:38:32.977000,111180.6,5e-05
2025-09-25 15:38:32.977000,111180.6,5e-05
2025-09-25 15:38:32.977000,111180.6,5e-05
2025-09-25 15:38:32.977000,111180.6,0.0096
2025-09-25 15:38:32.977000,111180.6,5e-05
2025-09-25 15:38:32.977000,111180.6,5e-05
2025-09-25 15:38:32.977000,111180.6,5e-05
2025-09-25 15:38:32.977000,111180.6,5e-05
2025-09-25 15:38:32.977000,111180.6,5e-05
2025-09-25 15:38:32.977000,111180.59,0.00773
2025-09-25 15:38:33.007000,111180.59,5e-05
2025-09-25 15:38:33.007000,111180.59,5e-05
2025-09-25 15:38:33.007000,111180.59,5e-05
2025-09-25 15:38:33.007000,111180.59,5e-05
2025-09-25 15:38:33.007000,111180.59,5e-05
2025-09-25 15:38:33.007000,111180.59,5e-05
2025-09-25 15:38:33.007000,111180.59,5e-05
2025-09-25 15:38:33.007000,111180.59,5e-05
2025-09-25 15:38:33.007000,111180.59,5e-05
2025-09-25 15:38:33.007000,111180.59,5e-05
2025-09-25 15:38:33.007000,111180.59,5e-05
2025-09-25 15:38:33.007000,111180.59,5e-05
2025-09-25 15:38:33.007000,111180.59,5e-05
2025-09-25 15:38:33.007000,111180.59,0.0001
2025-09-25 15:38:33.007000,111180.59,5e-05
2025-09-25 15:38:33.007000,111180.59,5e-05
2025-09-25 15:38:33.007000,111180.59,5e-05
2025-09-25 15:38:33.007000,111180.59,5e-05
2025-09-25 15:38:33.007000,111180.59,5e-05
2025-09-25 15:38:33.007000,111180.59,5e-05
2025-09-25 15:38:33.007000,111180.59,5e-05
2025-09-25 15:38:33.007000,111180.59,5e-05
2025-09-25 15:38:33.007000,111180.59,5e-05
2025-09-25 15:38:33.007000,111180.59,5e-05
2025-09-25 15:38:33.007000,111180.59,5e-05
2025-09-25 15:38:33.007000,111180.59,5e-05
2025-09-25 15:38:33.007000,111180.59,5e-05
2025-09-25 15:38:33.007000,111180.59,5e-05
2025-09-25 15:38:33.007000,111180.59,5e-05
2025-09-25 15:38:33.007000,111180.59,5e-05
2025-09-25 15:38:33.007000,111180.59,5e-05
2025-09-25 15:38:33.007000,111180.59,5e-05
2025-09-25 15:38:33.007000,111180.59,5e-05
2025-09-25 15:38:33.007000,111180.59,5e-05
2025-09-25 15:38:33.007000,111180.59,5e-05
2025-09-25 15:38:33.007000,111180.59,5e-05
2025-09-25 15:38:33.007000,111180.58,0.0001
2025-09-25 15:38:33.007000,111180.58,5e-05
2025-09-25 15:38:33.007000,111180.58,5e-05
2025-09-25 15:38:33.007000,111180.58,5e-05
2025-09-25 15:38:33.007000,111180.58,5e-05
2025-09-25 15:38:33.007000,111180.58,5e-05
2025-09-25 15:38:33.007000,111180.58,5e-05
2025-09-25 15:38:33.007000,111180.58,5e-05
2025-09-25 15:38:33.007000,111180.58,5e-05
2025-09-25 15:38:33.007000,111180.58,5e-05
2025-09-25 15:38:33.007000,111180.58,5e-05
2025-09-25 15:38:33.007000,111180.58,5e-05
2025-09-25 15:38:33.038000,111180.58,5e-05
2025-09-25 15:38:33.038000,111180.58,5e-05
2025-09-25 15:38:33.038000,111180.58,5e-05
2025-09-25 15:38:33.038000,111180.58,5e-05
2025-09-25 15:38:33.038000,111180.58,5e-05
2025-09-25 15:38:33.038000,111180.58,5e-05
2025-09-25 15:38:33.038000,111180.58,5e-05
2025-09-25 15:38:33.038000,111180.58,5e-05
2025-09-25 15:38:33.038000,111180.58,5e-05
2025-09-25 15:38:33.038000,111180.58,5e-05
2025-09-25 15:38:33.038000,111180.58,5e-05
2025-09-25 15:38:33.038000,111180.58,5e-05
2025-09-25 15:38:33.038000,111180.58,5e-05
2025-09-25 15:38:33.038000,111180.58,5e-05
2025-09-25 15:38:33.038000,111180.58,5e-05
2025-09-25 15:38:33.038000,111180.58,5e-05
2025-09-25 15:38:33.038000,111180.58,5e-05
2025-09-25 15:38:33.038000,111180.58,5e-05
2025-09-25 15:38:33.038000,111180.58,5e-05
2025-09-25 15:38:33.038000,111180.58,5e-05
2025-09-25 15:38:33.038000,111180.58,5e-05
2025-09-25 15:38:33.038000,111180.58,5e-05
2025-09-25 15:38:33.038000,111180.58,5e-05
2025-09-25 15:38:33.038000,111180.58,5e-05
2025-09-25 15:38:33.038000,111180.58,5e-05
2025-09-25 15:38:33.038000,111180.58,5e-05
2025-09-25 15:38:33.038000,111180.58,5e-05
2025-09-25 15:38:33.038000,111180.58,5e-05
2025-09-25 15:38:33.038000,111180.58,5e-05
2025-09-25 15:38:33.038000,111180.58,5e-05
2025-09-25 15:38:33.038000,111180.58,5e-05
2025-09-25 15:38:33.038000,111180.58,5e-05
2025-09-25 15:38:33.038000,111180.58,5e-05
2025-09-25 15:38:33.038000,111180.58,5e-05
2025-09-25 15:38:33.038000,111180.58,5e-05
2025-09-25 15:38:33.038000,111180.58,0.0001
2025-09-25 15:38:33.038000,111180.58,5e-05
2025-09-25 15:38:33.038000,111180.58,5e-05
2025-09-25 15:38:33.038000,111180.58,5e-05
2025-09-25 15:38:33.038000,111180.58,5e-05
2025-09-25 15:38:33.038000,111180.58,5e-05
2025-09-25 15:38:33.038000,111180.58,5e-05
2025-09-25 15:38:33.038000,111180.58,5e-05
2025-09-25 15:38:33.038000,111180.58,5e-05
2025-09-25 15:38:33.038000,111180.58,5e-05
2025-09-25 15:38:33.038000,111180.57,5e-05
2025-09-25 15:38:33.038000,111180.57,5e-05
2025-09-25 15:38:33.038000,111180.57,5e-05
2025-09-25 15:38:33.038000,111180.57,5e-05
2025-09-25 15:38:33.038000,111180.57,5e-05
2025-09-25 15:38:33.038000,111180.57,5e-05
2025-09-25 15:38:33.038000,111180.57,5e-05
2025-09-25 15:38:33.038000,111180.57,5e-05
2025-09-25 15:38:33.038000,111180.57,5e-05
2025-09-25 15:38:33.038000,111180.57,5e-05
2025-09-25 15:38:33.038000,111180.57,5e-05
2025-09-25 15:38:33.038000,111180.57,5e-05
2025-09-25 15:38:33.038000,111180.57,0.0001
2025-09-25 15:38:33.038000,111180.57,5e-05
2025-09-25 15:38:33.038000,111180.57,5e-05
2025-09-25 15:38:33.038000,111180.57,5e-05
2025-09-25 15:38:33.038000,111180.57,5e-05
2025-09-25 15:38:33.038000,111180.57,5e-05
2025-09-25 15:38:33.038000,111180.57,5e-05
2025-09-25 15:38:33.038000,111180.57,5e-05
2025-09-25 15:38:33.038000,111180.57,5e-05
2025-09-25 15:38:33.038000,111180.57,5e-05
2025-09-25 15:38:33.038000,111180.57,5e-05
2025-09-25 15:38:33.038000,111180.57,5e-05
2025-09-25 15:38:33.038000,111180.57,0.00034
2025-09-25 15:38:33.038000,111180.57,5e-05
2025-09-25 15:38:33.038000,111180.57,5e-05
2025-09-25 15:38:33.038000,111180.57,5e-05
2025-09-25 15:38:33.038000,111180.57,5e-05
2025-09-25 15:38:33.038000,111180.57,5e-05
2025-09-25 15:38:33.038000,111180.56,0.0001
2025-09-25 15:38:33.038000,111180.53,0.0001
2025-09-25 15:38:33.038000,111180.46,5e-05
2025-09-25 15:38:33.069000,111180.0,5e-05
2025-09-25 15:38:33.069000,111180.0,5e-05
2025-09-25 15:38:33.069000,111180.0,5e-05
2025-09-25 15:38:33.069000,111180.0,5e-05
2025-09-25 15:38:33.069000,111180.0,5e-05
2025-09-25 15:38:33.069000,111180.0,5e-05
2025-09-25 15:38:33.069000,111180.0,5e-05
2025-09-25 15:38:33.069000,111180.0,5e-05
2025-09-25 15:38:33.069000,111180.0,5e-05
2025-09-25 15:38:33.069000,111180.0,5e-05
2025-09-25 15:38:33.069000,111180.0,5e-05
2025-09-25 15:38:33.069000,111180.0,5e-05
2025-09-25 15:38:33.069000,111180.0,5e-05
2025-09-25 15:38:33.069000,111180.0,5e-05
2025-09-25 15:38:33.069000,111180.0,5e-05
2025-09-25 15:38:33.069000,111180.0,5e-05
2025-09-25 15:38:33.069000,111180.0,5e-05
2025-09-25 15:38:33.069000,111180.0,5e-05
2025-09-25 15:38:33.069000,111180.0,5e-05
2025-09-25 15:38:33.069000,111180.0,0.0001
2025-09-25 15:38:33.069000,111180.0,0.0001
2025-09-25 15:38:33.069000,111180.0,5e-05
2025-09-25 15:38:33.069000,111180.0,5e-05
2025-09-25 15:38:33.069000,111180.0,5e-05
2025-09-25 15:38:33.069000,111180.0,5e-05
2025-09-25 15:38:33.069000,111180.0,5e-05
2025-09-25 15:38:33.069000,111179.99,5e-05
2025-09-25 15:38:33.069000,111179.99,5e-05
2025-09-25 15:38:33.069000,111179.99,5e-05
2025-09-25 15:38:33.069000,111179.99,5e-05
2025-09-25 15:38:33.069000,111179.99,5e-05
2025-09-25 15:38:33.069000,111179.99,5e-05
2025-09-25 15:38:33.069000,111179.99,5e-05
2025-09-25 15:38:33.069000,111179.99,5e-05
2025-09-25 15:38:33.069000,111179.99,5e-05
2025-09-25 15:38:33.069000,111179.99,5e-05
2025-09-25 15:38:33.069000,111179.99,5e-05
2025-09-25 15:38:33.069000,111179.99,5e-05
2025-09-25 15:38:33.069000,111179.99,5e-05
2025-09-25 15:38:33.069000,111179.99,5e-05
2025-09-25 15:38:33.069000,111179.99,5e-05
2025-09-25 15:38:33.069000,111179.99,5e-05
2025-09-25 15:38:33.069000,111179.99,5e-05
2025-09-25 15:38:33.069000,111179.99,5e-05
2025-09-25 15:38:33.069000,111179.99,0.0001
2025-09-25 15:38:33.069000,111179.0,5e-05
2025-09-25 15:38:33.069000,111179.0,5e-05
2025-09-25 15:38:33.069000,111179.0,5e-05
2025-09-25 15:38:33.069000,111178.53,0.00496
2025-09-25 15:38:33.069000,111178.53,5e-05
2025-09-25 15:38:33.069000,111178.53,5e-05
2025-09-25 15:38:33.069000,111178.53,0.0001
2025-09-25 15:38:33.069000,111178.53,5e-05
2025-09-25 15:38:33.069000,111178.53,5e-05
2025-09-25 15:38:33.069000,111178.53,5e-05
2025-09-25 15:38:33.069000,111178.52,0.00609
2025-09-25 15:38:33.071000,111178.53,0.00013
2025-09-25 15:38:33.100000,111178.52,0.00013
2025-09-25 15:38:33.100000,111178.52,5e-05
2025-09-25 15:38:33.100000,111178.52,0.0001
2025-09-25 15:38:33.100000,111178.52,5e-05
2025-09-25 15:38:33.100000,111178.52,5e-05
2025-09-25 15:38:33.100000,111178.52,5e-05
2025-09-25 15:38:33.100000,111178.52,5e-05
2025-09-25 15:38:33.100000,111178.52,5e-05
2025-09-25 15:38:33.100000,111178.52,5e-05
2025-09-25 15:38:33.100000,111178.52,5e-05
2025-09-25 15:38:33.100000,111178.52,5e-05
2025-09-25 15:38:33.100000,111178.52,5e-05
2025-09-25 15:38:33.100000,111178.52,5e-05
2025-09-25 15:38:33.100000,111178.52,5e-05
2025-09-25 15:38:33.100000,111178.52,5e-05
2025-09-25 15:38:33.100000,111178.52,5e-05
2025-09-25 15:38:33.100000,111178.52,5e-05
2025-09-25 15:38:33.100000,111178.52,5e-05
2025-09-25 15:38:33.100000,111178.52,5e-05
2025-09-25 15:38:33.100000,111178.52,5e-05
2025-09-25 15:38:33.100000,111178.52,9e-05
2025-09-25 15:38:33.100000,111178.52,5e-05
2025-09-25 15:38:33.100000,111178.52,5e-05
2025-09-25 15:38:33.100000,111178.52,5e-05
2025-09-25 15:38:33.100000,111178.52,5e-05
2025-09-25 15:38:33.100000,111178.52,5e-05
2025-09-25 15:38:33.100000,111178.52,5e-05
2025-09-25 15:38:34.132000,111178.52,6e-05
2025-09-25 15:38:34.415000,111178.51,5e-05
2025-09-25 15:38:34.415000,111178.51,5e-05
2025-09-25 15:38:34.415000,111178.51,5e-05
2025-09-25 15:38:34.415000,111178.51,5e-05
2025-09-25 15:38:34.415000,111178.51,5e-05
2025-09-25 15:38:34.415000,111178.51,5e-05
2025-09-25 15:38:34.415000,111178.51,5e-05
2025-09-25 15:38:34.415000,111178.51,5e-05
2025-09-25 15:38:34.415000,111178.51,5e-05
2025-09-25 15:38:34.415000,111178.51,5e-05
2025-09-25 15:38:34.415000,111178.51,5e-05
2025-09-25 15:38:34.415000,111178.51,5e-05
2025-09-25 15:38:34.415000,111178.51,5e-05
2025-09-25 15:38:34.415000,111178.51,5e-05
2025-09-25 15:38:34.415000,111178.51,5e-05
2025-09-25 15:38:34.415000,111178.51,5e-05
2025-09-25 15:38:34.415000,111178.51,5e-05
2025-09-25 15:38:34.415000,111178.51,5e-05
2025-09-25 15:38:34.415000,111178.51,5e-05
2025-09-25 15:38:34.415000,111178.51,5e-05
2025-09-25 15:38:34.415000,111178.51,5e-05
2025-09-25 15:38:34.415000,111178.51,5e-05
2025-09-25 15:38:34.415000,111178.51,5e-05
2025-09-25 15:38:34.415000,111178.51,5e-05
2025-09-25 15:38:34.415000,111178.51,5e-05
2025-09-25 15:38:34.415000,111178.51,5e-05
2025-09-25 15:38:34.415000,111178.51,5e-05
2025-09-25 15:38:34.415000,111178.51,5e-05
2025-09-25 15:38:34.415000,111178.51,5e-05
2025-09-25 15:38:34.415000,111178.51,5e-05
2025-09-25 15:38:34.415000,111178.51,5e-05
2025-09-25 15:38:34.415000,111178.51,5e-05
2025-09-25 15:38:34.415000,111178.51,5e-05
2025-09-25 15:38:34.415000,111178.51,5e-05
2025-09-25 15:38:34.415000,111178.51,5e-05
2025-09-25 15:38:34.415000,111178.51,5e-05
2025-09-25 15:38:34.415000,111178.51,0.00564
2025-09-25 15:38:34.415000,111178.51,5e-05
2025-09-25 15:38:34.415000,111178.51,5e-05
2025-09-25 15:38:34.415000,111178.51,5e-05
2025-09-25 15:38:34.415000,111178.51,5e-05
2025-09-25 15:38:34.415000,111178.51,0.0001
2025-09-25 15:38:34.415000,111178.51,5e-05
2025-09-25 15:38:34.415000,111178.51,5e-05
2025-09-25 15:38:34.415000,111178.51,5e-05
2025-09-25 15:38:34.415000,111178.51,5e-05
2025-09-25 15:38:34.415000,111178.51,5e-05
2025-09-25 15:38:34.415000,111178.51,5e-05
2025-09-25 15:38:34.415000,111178.51,5e-05
2025-09-25 15:38:34.415000,111178.51,5e-05
2025-09-25 15:38:34.415000,111178.5,5e-05
2025-09-25 15:38:34.415000,111178.5,5e-05
2025-09-25 15:38:34.415000,111178.5,5e-05
2025-09-25 15:38:34.415000,111178.5,5e-05
2025-09-25 15:38:34.415000,111178.5,5e-05
2025-09-25 15:38:34.415000,111178.5,5e-05
2025-09-25 15:38:34.415000,111178.5,5e-05
2025-09-25 15:38:34.415000,111178.5,5e-05
2025-09-25 15:38:34.415000,111178.5,5e-05
2025-09-25 15:38:34.415000,111178.5,5e-05
2025-09-25 15:38:34.415000,111178.5,5e-05
2025-09-25 15:38:34.415000,111178.5,5e-05
2025-09-25 15:38:34.415000,111178.5,5e-05
2025-09-25 15:38:34.415000,111178.5,5e-05
2025-09-25 15:38:34.415000,111178.5,5e-05
2025-09-25 15:38:34.415000,111178.5,5e-05
2025-09-25 15:38:34.415000,111178.5,0.00228
2025-09-25 15:38:34.417000,111178.5,5e-05
2025-09-25 15:38:34.417000,111178.5,5e-05
2025-09-25 15:38:34.417000,111178.5,5e-05
2025-09-25 15:38:34.417000,111178.5,5e-05
2025-09-25 15:38:34.417000,111178.5,0.0001
2025-09-25 15:38:34.417000,111178.5,5e-05
2025-09-25 15:38:34.417000,111178.5,5e-05
2025-09-25 15:38:34.417000,111178.5,5e-05
2025-09-25 15:38:34.417000,111178.5,5e-05
2025-09-25 15:38:34.417000,111178.5,5e-05
2025-09-25 15:38:34.417000,111178.5,5e-05
2025-09-25 15:38:34.458000,111178.49,5e-05
2025-09-25 15:38:34.458000,111178.49,5e-05
2025-09-25 15:38:34.458000,111178.49,5e-05
2025-09-25 15:38:34.458000,111178.49,5e-05
2025-09-25 15:38:34.458000,111178.49,5e-05
2025-09-25 15:38:34.458000,111178.49,5e-05
2025-09-25 15:38:34.458000,111178.49,5e-05
2025-09-25 15:38:34.458000,111178.49,5e-05
2025-09-25 15:38:34.458000,111178.49,5e-05
2025-09-25 15:38:34.458000,111178.49,5e-05
2025-09-25 15:38:34.458000,111178.49,5e-05
2025-09-25 15:38:34.458000,111178.49,5e-05
2025-09-25 15:38:34.458000,111178.49,5e-05
2025-09-25 15:38:34.458000,111178.49,5e-05
2025-09-25 15:38:34.458000,111178.49,5e-05
2025-09-25 15:38:34.458000,111178.49,5e-05
2025-09-25 15:38:34.458000,111178.49,5e-05
2025-09-25 15:38:34.458000,111178.49,5e-05
2025-09-25 15:38:34.458000,111178.49,5e-05
2025-09-25 15:38:34.458000,111178.49,5e-05
2025-09-25 15:38:34.458000,111178.49,5e-05
2025-09-25 15:38:34.458000,111178.49,5e-05
2025-09-25 15:38:34.458000,111178.49,5e-05
2025-09-25 15:38:34.458000,111178.49,5e-05
2025-09-25 15:38:34.458000,111178.49,5e-05
2025-09-25 15:38:34.458000,111178.49,5e-05
2025-09-25 15:38:34.458000,111178.49,5e-05
2025-09-25 15:38:34.458000,111178.49,5e-05
2025-09-25 15:38:34.458000,111178.49,0.0001
2025-09-25 15:38:34.458000,111178.49,5e-05
2025-09-25 15:38:34.458000,111178.49,5e-05
2025-09-25 15:38:34.458000,111178.49,5e-05
2025-09-25 15:38:34.458000,111178.49,5e-05
2025-09-25 15:38:34.458000,111178.49,5e-05
2025-09-25 15:38:34.458000,111178.49,5e-05
2025-09-25 15:38:34.458000,111178.49,5e-05
2025-09-25 15:38:34.458000,111178.49,0.0001
2025-09-25 15:38:34.458000,111178.49,5e-05
2025-09-25 15:38:34.458000,111178.49,5e-05
2025-09-25 15:38:34.458000,111178.49,5e-05
2025-09-25 15:38:34.458000,111178.49,5e-05
2025-09-25 15:38:34.458000,111178.49,5e-05
2025-09-25 15:38:34.458000,111178.49,5e-05
2025-09-25 15:38:34.458000,111178.49,0.0001
2025-09-25 15:38:34.458000,111178.49,0.00021
2025-09-25 15:38:34.458000,111178.48,5e-05
2025-09-25 15:38:34.458000,111178.48,5e-05
2025-09-25 15:38:34.458000,111178.48,5e-05
2025-09-25 15:38:34.458000,111178.48,5e-05
2025-09-25 15:38:34.458000,111178.48,5e-05
2025-09-25 15:38:34.458000,111178.48,5e-05
2025-09-25 15:38:34.458000,111178.48,5e-05
2025-09-25 15:38:34.458000,111178.48,5e-05
2025-09-25 15:38:34.458000,111178.48,5e-05
2025-09-25 15:38:34.458000,111178.48,5e-05
2025-09-25 15:38:34.458000,111178.48,5e-05
2025-09-25 15:38:34.458000,111178.48,5e-05
2025-09-25 15:38:34.458000,111178.48,5e-05
2025-09-25 15:38:34.458000,111178.48,0.0001
2025-09-25 15:38:34.458000,111178.48,5e-05
2025-09-25 15:38:34.458000,111178.48,5e-05
2025-09-25 15:38:34.458000,111178.48,5e-05
2025-09-25 15:38:34.458000,111178.48,5e-05
2025-09-25 15:38:34.458000,111178.48,5e-05
2025-09-25 15:38:34.458000,111176.85,0.0007
2025-09-25 15:38:34.490000,111176.85,0.0002
2025-09-25 15:38:34.490000,111176.85,5e-05
2025-09-25 15:38:34.490000,111176.85,5e-05
2025-09-25 15:38:34.490000,111176.85,5e-05
2025-09-25 15:38:34.490000,111176.85,5e-05
2025-09-25 15:38:34.490000,111176.85,5e-05
2025-09-25 15:38:34.490000,111176.85,5e-05
2025-09-25 15:38:34.490000,111176.85,5e-05
2025-09-25 15:38:34.490000,111176.85,0.0001
2025-09-25 15:38:34.490000,111176.85,5e-05
2025-09-25 15:38:34.490000,111176.85,5e-05
2025-09-25 15:38:34.490000,111176.85,5e-05
2025-09-25 15:38:34.490000,111176.85,5e-05
2025-09-25 15:38:34.490000,111176.85,5e-05
2025-09-25 15:38:34.490000,111176.85,5e-05
2025-09-25 15:38:34.490000,111176.85,5e-05
2025-09-25 15:38:34.490000,111176.85,5e-05
2025-09-25 15:38:34.490000,111176.85,5e-05
2025-09-25 15:38:34.490000,111176.85,5e-05
2025-09-25 15:38:34.490000,111176.85,5e-05
2025-09-25 15:38:34.490000,111176.85,5e-05
2025-09-25 15:38:34.490000,111176.85,0.0001
2025-09-25 15:38:34.490000,111176.85,5e-05
2025-09-25 15:38:34.490000,111176.85,5e-05
2025-09-25 15:38:34.490000,111176.85,5e-05
2025-09-25 15:38:34.490000,111176.85,5e-05
2025-09-25 15:38:34.490000,111176.84,0.0001
2025-09-25 15:38:34.490000,111176.84,5e-05
2025-09-25 15:38:34.490000,111176.84,5e-05
2025-09-25 15:38:34.490000,111176.84,5e-05
2025-09-25 15:38:34.490000,111176.84,5e-05
2025-09-25 15:38:34.490000,111176.84,5e-05
2025-09-25 15:38:34.490000,111176.84,5e-05
2025-09-25 15:38:34.490000,111176.84,5e-05
2025-09-25 15:38:34.490000,111176.84,5e-05
2025-09-25 15:38:34.490000,111176.84,5e-05
2025-09-25 15:38:34.490000,111176.84,5e-05
2025-09-25 15:38:34.490000,111176.84,5e-05
2025-09-25 15:38:34.490000,111176.84,5e-05
2025-09-25 15:38:34.490000,111176.84,5e-05
2025-09-25 15:38:34.490000,111176.84,5e-05
2025-09-25 15:38:34.490000,111176.84,5e-05
2025-09-25 15:38:34.490000,111176.84,5e-05
2025-09-25 15:38:34.490000,111176.84,5e-05
2025-09-25 15:38:34.490000,111176.84,5e-05
2025-09-25 15:38:34.490000,111176.7,5e-05
2025-09-25 15:38:34.490000,111176.58,5e-05
2025-09-25 15:38:34.490000,111176.25,5e-05
2025-09-25 15:38:34.490000,111175.19,0.0001
2025-09-25 15:38:34.490000,111175.01,0.00018
2025-09-25 15:38:34.528000,111174.99,9e-05
2025-09-25 15:38:34.528000,111174.99,0.0001
2025-09-25 15:38:34.528000,111174.99,0.0001
2025-09-25 15:38:34.528000,111174.99,5e-05
2025-09-25 15:38:34.528000,111174.99,5e-05
2025-09-25 15:38:34.528000,111174.99,5e-05
2025-09-25 15:38:34.528000,111174.99,5e-05
2025-09-25 15:38:34.528000,111174.99,5e-05
2025-09-25 15:38:34.528000,111174.99,5e-05
2025-09-25 15:38:34.528000,111174.99,5e-05
2025-09-25 15:38:34.528000,111174.99,5e-05
2025-09-25 15:38:34.528000,111174.99,5e-05
2025-09-25 15:38:34.528000,111174.99,5e-05
2025-09-25 15:38:34.528000,111174.99,5e-05
2025-09-25 15:38:34.528000,111174.99,5e-05
2025-09-25 15:38:34.528000,111174.99,5e-05
2025-09-25 15:38:34.528000,111174.99,5e-05
2025-09-25 15:38:34.528000,111174.99,5e-05
2025-09-25 15:38:34.528000,111174.99,5e-05
2025-09-25 15:38:34.528000,111174.99,5e-05
2025-09-25 15:38:34.528000,111174.99,5e-05
2025-09-25 15:38:34.528000,111174.99,5e-05
2025-09-25 15:38:34.528000,111174.99,5e-05
2025-09-25 15:38:34.528000,111174.99,5e-05
2025-09-25 15:38:34.528000,111174.99,5e-05
2025-09-25 15:38:34.528000,111174.99,5e-05
2025-09-25 15:38:34.528000,111174.99,5e-05
2025-09-25 15:38:34.528000,111174.99,5e-05
2025-09-25 15:38:34.528000,111174.99,5e-05
2025-09-25 15:38:34.528000,111174.98,5e-05
2025-09-25 15:38:34.528000,111174.98,5e-05
2025-09-25 15:38:34.528000,111174.98,5e-05
2025-09-25 15:38:34.528000,111174.98,5e-05
2025-09-25 15:38:34.528000,111174.98,5e-05
2025-09-25 15:38:34.528000,111174.98,5e-05
2025-09-25 15:38:34.528000,111174.98,5e-05
2025-09-25 15:38:34.528000,111174.98,5e-05
2025-09-25 15:38:34.528000,111174.98,5e-05
2025-09-25 15:38:34.528000,111174.98,5e-05
2025-09-25 15:38:34.528000,111174.98,5e-05
2025-09-25 15:38:34.528000,111174.98,5e-05
2025-09-25 15:38:34.528000,111174.98,5e-05
2025-09-25 15:38:34.528000,111174.98,5e-05
2025-09-25 15:38:34.528000,111174.98,5e-05
2025-09-25 15:38:34.528000,111174.98,5e-05
2025-09-25 15:38:34.528000,111174.98,5e-05
2025-09-25 15:38:34.528000,111174.98,5e-05
2025-09-25 15:38:34.586000,111174.98,0.0085
2025-09-25 15:38:34.588000,111174.97,5e-05
2025-09-25 15:38:34.588000,111174.97,5e-05
2025-09-25 15:38:34.588000,111174.97,5e-05
2025-09-25 15:38:34.588000,111174.97,5e-05
2025-09-25 15:38:34.588000,111174.97,5e-05
2025-09-25 15:38:34.588000,111174.97,5e-05
2025-09-25 15:38:34.588000,111174.97,5e-05
2025-09-25 15:38:34.588000,111174.97,5e-05
2025-09-25 15:38:34.588000,111174.97,5e-05
2025-09-25 15:38:34.588000,111174.97,5e-05
2025-09-25 15:38:34.588000,111174.97,5e-05
2025-09-25 15:38:34.588000,111174.97,5e-05
2025-09-25 15:38:34.588000,111174.97,5e-05
2025-09-25 15:38:34.588000,111174.97,5e-05
2025-09-25 15:38:34.588000,111174.97,5e-05
2025-09-25 15:38:34.588000,111174.97,5e-05
2025-09-25 15:38:34.588000,111174.97,5e-05
2025-09-25 15:38:34.588000,111174.97,5e-05
2025-09-25 15:38:34.588000,111174.97,5e-05
2025-09-25 15:38:34.588000,111174.97,5e-05
2025-09-25 15:38:34.588000,111174.97,5e-05
2025-09-25 15:38:34.588000,111174.97,5e-05
2025-09-25 15:38:34.588000,111174.97,5e-05
2025-09-25 15:38:34.588000,111174.97,5e-05
2025-09-25 15:38:34.588000,111174.97,5e-05
2025-09-25 15:38:34.588000,111174.97,5e-05
2025-09-25 15:38:34.588000,111174.97,5e-05
2025-09-25 15:38:34.588000,111174.97,0.0001
2025-09-25 15:38:34.588000,111174.97,5e-05
2025-09-25 15:38:34.588000,111174.97,5e-05
2025-09-25 15:38:34.588000,111174.97,5e-05
2025-09-25 15:38:34.588000,111174.97,5e-05
2025-09-25 15:38:34.588000,111174.97,5e-05
2025-09-25 15:38:34.588000,111174.97,5e-05
2025-09-25 15:38:34.588000,111174.97,5e-05
2025-09-25 15:38:34.588000,111174.97,5e-05
2025-09-25 15:38:34.588000,111174.97,5e-05
2025-09-25 15:38:34.588000,111174.97,0.0001
2025-09-25 15:38:34.588000,111174.97,9e-05
2025-09-25 15:38:34.588000,111174.97,5e-05
2025-09-25 15:38:34.588000,111174.97,5e-05
2025-09-25 15:38:34.588000,111174.97,5e-05
2025-09-25 15:38:34.588000,111174.97,5e-05
2025-09-25 15:38:34.588000,111174.97,5e-05
2025-09-25 15:38:34.588000,111174.96,5e-05
2025-09-25 15:38:34.588000,111174.96,5e-05
2025-09-25 15:38:34.588000,111174.96,5e-05
2025-09-25 15:38:34.588000,111174.96,5e-05
2025-09-25 15:38:34.588000,111174.96,5e-05
2025-09-25 15:38:34.588000,111174.96,5e-05
2025-09-25 15:38:34.588000,111174.96,5e-05
2025-09-25 15:38:34.588000,111174.96,5e-05
2025-09-25 15:38:34.588000,111174.96,5e-05
2025-09-25 15:38:34.588000,111174.96,5e-05
2025-09-25 15:38:34.588000,111174.96,5e-05
2025-09-25 15:38:34.588000,111174.96,5e-05
2025-09-25 15:38:34.588000,111174.96,5e-05
2025-09-25 15:38:34.588000,111174.96,5e-05
2025-09-25 15:38:34.588000,111174.96,5e-05
2025-09-25 15:38:34.588000,111174.96,5e-05
2025-09-25 15:38:34.588000,111174.96,5e-05
2025-09-25 15:38:34.588000,111174.96,5e-05
2025-09-25 15:38:34.588000,111174.96,0.0001
2025-09-25 15:38:34.588000,111174.84,4e-05
2025-09-25 15:38:34.618000,111174.84,5e-05
2025-09-25 15:38:34.618000,111174.84,5e-05
2025-09-25 15:38:34.618000,111174.84,5e-05
2025-09-25 15:38:34.618000,111174.84,5e-05
2025-09-25 15:38:34.618000,111174.84,5e-05
2025-09-25 15:38:34.618000,111174.84,5e-05
2025-09-25 15:38:34.618000,111174.84,5e-05
2025-09-25 15:38:34.618000,111174.84,5e-05
2025-09-25 15:38:34.618000,111174.84,5e-05
2025-09-25 15:38:34.618000,111174.84,5e-05
2025-09-25 15:38:34.618000,111174.84,5e-05
2025-09-25 15:38:34.618000,111174.84,5e-05
2025-09-25 15:38:34.618000,111174.84,5e-05
2025-09-25 15:38:34.618000,111174.84,5e-05
2025-09-25 15:38:34.618000,111174.84,5e-05
2025-09-25 15:38:34.618000,111174.84,5e-05
2025-09-25 15:38:34.618000,111174.84,5e-05
2025-09-25 15:38:34.618000,111174.84,0.0001
2025-09-25 15:38:34.618000,111174.84,0.0001
2025-09-25 15:38:34.618000,111174.84,5e-05
2025-09-25 15:38:34.618000,111174.84,5e-05
2025-09-25 15:38:34.618000,111174.84,5e-05
2025-09-25 15:38:34.618000,111174.84,5e-05
2025-09-25 15:38:34.618000,111174.84,5e-05
2025-09-25 15:38:34.618000,111174.84,5e-05
2025-09-25 15:38:34.618000,111174.84,5e-05
2025-09-25 15:38:34.618000,111174.84,5e-05
2025-09-25 15:38:34.618000,111174.84,5e-05
2025-09-25 15:38:34.618000,111174.84,5e-05
2025-09-25 15:38:34.618000,111174.83,5e-05
2025-09-25 15:38:34.618000,111174.83,5e-05
2025-09-25 15:38:34.618000,111174.83,5e-05
2025-09-25 15:38:34.618000,111174.83,5e-05
2025-09-25 15:38:34.618000,111174.83,5e-05
2025-09-25 15:38:34.618000,111174.83,5e-05
2025-09-25 15:38:34.618000,111174.83,5e-05
2025-09-25 15:38:34.618000,111174.83,5e-05
2025-09-25 15:38:34.618000,111174.83,5e-05
2025-09-25 15:38:34.618000,111174.83,5e-05
2025-09-25 15:38:34.618000,111174.83,5e-05
2025-09-25 15:38:34.618000,111174.83,5e-05
2025-09-25 15:38:34.618000,111174.83,5e-05
2025-09-25 15:38:34.618000,111174.83,5e-05
2025-09-25 15:38:34.618000,111174.83,5e-05
2025-09-25 15:38:34.618000,111174.83,5e-05
2025-09-25 15:38:34.618000,111174.83,5e-05
2025-09-25 15:38:34.618000,111174.83,5e-05
2025-09-25 15:38:34.654000,111174.83,5e-05
2025-09-25 15:38:34.654000,111174.83,5e-05
2025-09-25 15:38:34.654000,111174.83,5e-05
2025-09-25 15:38:34.654000,111174.83,5e-05
2025-09-25 15:38:34.654000,111174.83,5e-05
2025-09-25 15:38:34.654000,111174.83,5e-05
2025-09-25 15:38:34.654000,111174.83,5e-05
2025-09-25 15:38:34.654000,111174.83,5e-05
2025-09-25 15:38:34.654000,111174.83,5e-05
2025-09-25 15:38:34.654000,111174.83,5e-05
2025-09-25 15:38:34.654000,111174.83,5e-05
2025-09-25 15:38:34.654000,111174.83,5e-05
2025-09-25 15:38:34.654000,111174.83,5e-05
2025-09-25 15:38:34.654000,111174.83,5e-05
2025-09-25 15:38:34.654000,111174.83,5e-05
2025-09-25 15:38:34.654000,111174.83,5e-05
2025-09-25 15:38:34.654000,111174.83,5e-05
2025-09-25 15:38:34.654000,111174.83,5e-05
2025-09-25 15:38:34.654000,111174.83,5e-05
2025-09-25 15:38:34.654000,111174.83,5e-05
2025-09-25 15:38:34.654000,111174.83,0.00011
2025-09-25 15:38:34.654000,111174.83,0.0001
2025-09-25 15:38:34.654000,111174.83,5e-05
2025-09-25 15:38:34.654000,111174.83,5e-05
2025-09-25 15:38:34.654000,111174.83,5e-05
2025-09-25 15:38:34.654000,111174.83,5e-05
2025-09-25 15:38:34.879000,111174.82,5e-05
2025-09-25 15:38:34.879000,111174.82,5e-05
2025-09-25 15:38:34.879000,111174.82,5e-05
2025-09-25 15:38:34.879000,111174.82,5e-05
2025-09-25 15:38:34.879000,111174.82,5e-05
2025-09-25 15:38:34.879000,111174.82,5e-05
2025-09-25 15:38:34.879000,111174.82,5e-05
2025-09-25 15:38:34.879000,111174.82,5e-05
2025-09-25 15:38:34.879000,111174.82,5e-05
2025-09-25 15:38:34.879000,111174.82,5e-05
2025-09-25 15:38:34.879000,111174.82,5e-05
2025-09-25 15:38:34.879000,111174.82,5e-05
2025-09-25 15:38:35.539000,111174.82,5e-05
2025-09-25 15:38:35.686000,111174.82,5e-05
2025-09-25 15:38:35.686000,111174.82,5e-05
2025-09-25 15:38:35.686000,111174.82,5e-05
2025-09-25 15:38:35.686000,111174.82,5e-05
2025-09-25 15:38:35.686000,111174.82,5e-05
2025-09-25 15:38:35.686000,111174.82,5e-05
2025-09-25 15:38:35.686000,111174.82,5e-05
2025-09-25 15:38:35.686000,111174.82,5e-05
2025-09-25 15:38:35.686000,111174.82,5e-05
2025-09-25 15:38:35.686000,111174.82,5e-05
2025-09-25 15:38:35.686000,111174.82,5e-05
2025-09-25 15:38:35.686000,111174.82,5e-05
2025-09-25 15:38:35.686000,111174.82,5e-05
2025-09-25 15:38:35.686000,111174.82,5e-05
2025-09-25 15:38:35.686000,111174.82,5e-05
2025-09-25 15:38:35.686000,111174.82,5e-05
2025-09-25 15:38:35.686000,111174.82,5e-05
2025-09-25 15:38:35.686000,111174.82,5e-05
2025-09-25 15:38:35.686000,111174.82,5e-05
2025-09-25 15:38:35.686000,111174.82,5e-05
2025-09-25 15:38:35.686000,111174.82,5e-05
2025-09-25 15:38:35.686000,111174.82,5e-05
2025-09-25 15:38:35.686000,111174.82,5e-05
2025-09-25 15:38:35.686000,111174.82,5e-05
2025-09-25 15:38:35.686000,111174.82,5e-05
2025-09-25 15:38:35.686000,111174.82,0.08829
2025-09-25 15:38:35.741000,111174.82,9e-05
2025-09-25 15:38:35.841000,111174.82,0.00039
2025-09-25 15:38:36.308000,111174.82,0.012
2025-09-25 15:38:36.308000,111174.82,0.012
2025-09-25 15:38:36.995000,111174.83,0.00011
2025-09-25 15:38:37.096000,111174.83,9e-05
2025-09-25 15:38:37.365000,111174.82,5e-05
2025-09-25 15:38:37.365000,111174.82,5e-05
2025-09-25 15:38:37.365000,111174.82,5e-05
2025-09-25 15:38:37.365000,111174.82,5e-05
2025-09-25 15:38:37.365000,111174.82,5e-05
2025-09-25 15:38:37.365000,111174.82,5e-05
2025-09-25 15:38:37.365000,111174.82,5e-05
2025-09-25 15:38:37.365000,111174.82,5e-05
2025-09-25 15:38:37.365000,111174.82,5e-05
2025-09-25 15:38:37.365000,111174.82,5e-05
2025-09-25 15:38:37.365000,111174.82,0.01619
2025-09-25 15:38:37.365000,111174.82,5e-05
2025-09-25 15:38:37.365000,111174.82,0.0001
2025-09-25 15:38:37.365000,111174.82,0.00031
2025-09-25 15:38:37.365000,111174.82,5e-05
2025-09-25 15:38:37.365000,111174.82,5e-05
2025-09-25 15:38:37.365000,111174.82,0.01404
2025-09-25 15:38:37.365000,111174.82,5e-05
2025-09-25 15:38:37.365000,111174.82,5e-05
2025-09-25 15:38:37.365000,111174.82,5e-05
2025-09-25 15:38:37.365000,111174.82,5e-05
2025-09-25 15:38:37.365000,111174.82,5e-05
2025-09-25 15:38:37.365000,111174.82,5e-05
2025-09-25 15:38:37.365000,111174.82,5e-05
2025-09-25 15:38:37.365000,111174.82,5e-05
2025-09-25 15:38:37.365000,111174.82,5e-05
2025-09-25 15:38:37.365000,111174.82,5e-05
2025-09-25 15:38:37.365000,111174.82,5e-05
2025-09-25 15:38:37.365000,111174.81,5e-05
2025-09-25 15:38:37.365000,111174.81,5e-05
2025-09-25 15:38:37.365000,111174.81,5e-05
2025-09-25 15:38:37.365000,111174.81,5e-05
2025-09-25 15:38:37.365000,111174.81,5e-05
2025-09-25 15:38:37.365000,111174.81,5e-05
2025-09-25 15:38:37.365000,111174.81,5e-05
2025-09-25 15:38:37.365000,111174.8,5e-05
2025-09-25 15:38:37.365000,111174.8,5e-05
2025-09-25 15:38:37.400000,111173.0,5e-05
2025-09-25 15:38:37.400000,111173.0,0.0001
2025-09-25 15:38:37.400000,111173.0,5e-05
2025-09-25 15:38:37.400000,111173.0,5e-05
2025-09-25 15:38:37.400000,111173.0,5e-05
2025-09-25 15:38:37.400000,111173.0,5e-05
2025-09-25 15:38:37.400000,111173.0,5e-05
2025-09-25 15:38:37.400000,111173.0,5e-05
2025-09-25 15:38:37.400000,111173.0,5e-05
2025-09-25 15:38:37.400000,111173.0,5e-05
2025-09-25 15:38:37.400000,111173.0,5e-05
2025-09-25 15:38:37.400000,111173.0,5e-05
2025-09-25 15:38:37.400000,111173.0,5e-05
2025-09-25 15:38:37.400000,111173.0,5e-05
2025-09-25 15:38:37.400000,111173.0,5e-05
2025-09-25 15:38:37.400000,111173.0,5e-05
2025-09-25 15:38:37.400000,111173.0,5e-05
2025-09-25 15:38:37.400000,111173.0,5e-05
2025-09-25 15:38:37.400000,111173.0,5e-05
2025-09-25 15:38:37.400000,111173.0,5e-05
2025-09-25 15:38:37.400000,111173.0,5e-05
2025-09-25 15:38:37.400000,111173.0,5e-05
2025-09-25 15:38:37.400000,111173.0,5e-05
2025-09-25 15:38:37.400000,111173.0,5e-05
2025-09-25 15:38:37.400000,111173.0,5e-05
2025-09-25 15:38:37.400000,111173.0,0.00016
2025-09-25 15:38:37.515000,111173.0,5e-05
2025-09-25 15:38:37.515000,111173.0,0.0001
2025-09-25 15:38:37.515000,111173.0,5e-05
2025-09-25 15:38:37.515000,111173.0,5e-05
2025-09-25 15:38:37.515000,111173.0,5e-05
2025-09-25 15:38:37.515000,111173.0,5e-05
2025-09-25 15:38:37.515000,111173.0,5e-05
2025-09-25 15:38:37.515000,111173.0,0.0001
2025-09-25 15:38:37.515000,111173.0,0.00106
2025-09-25 15:38:37.515000,111173.0,5e-05
2025-09-25 15:38:37.515000,111173.0,5e-05
2025-09-25 15:38:37.515000,111173.0,5e-05
2025-09-25 15:38:37.515000,111173.0,5e-05
2025-09-25 15:38:37.515000,111173.0,5e-05
2025-09-25 15:38:37.515000,111173.0,5e-05
2025-09-25 15:38:37.515000,111172.99,5e-05
2025-09-25 15:38:37.515000,111172.99,5e-05
2025-09-25 15:38:37.515000,111172.99,5e-05
2025-09-25 15:38:37.515000,111172.99,5e-05
2025-09-25 15:38:37.515000,111172.99,5e-05
2025-09-25 15:38:37.515000,111172.99,5e-05
2025-09-25 15:38:37.515000,111172.99,5e-05
2025-09-25 15:38:37.515000,111172.99,5e-05
2025-09-25 15:38:37.515000,111172.99,5e-05
2025-09-25 15:38:37.515000,111172.99,5e-05
2025-09-25 15:38:37.515000,111172.99,5e-05
2025-09-25 15:38:37.515000,111172.99,5e-05
2025-09-25 15:38:37.515000,111172.99,5e-05
2025-09-25 15:38:37.515000,111172.99,5e-05
2025-09-25 15:38:37.515000,111172.99,5e-05
2025-09-25 15:38:37.515000,111172.99,5e-05
2025-09-25 15:38:37.515000,111172.99,5e-05
2025-09-25 15:38:37.515000,111172.99,5e-05
2025-09-25 15:38:37.515000,111172.98,0.0001
2025-09-25 15:38:37.894000,111172.6,0.00081
2025-09-25 15:38:37.894000,111172.6,5e-05
2025-09-25 15:38:37.894000,111172.6,5e-05
2025-09-25 15:38:37.894000,111172.6,5e-05
2025-09-25 15:38:37.894000,111172.6,5e-05
2025-09-25 15:38:37.894000,111172.6,0.00399
2025-09-25 15:38:38.467000,111172.6,5e-05
2025-09-25 15:38:38.467000,111172.6,0.00649
2025-09-25 15:38:39.114000,111172.61,8e-05
2025-09-25 15:38:39.497000,111172.6,5e-05
2025-09-25 15:38:39.497000,111172.6,5e-05
2025-09-25 15:38:39.497000,111172.6,5e-05
2025-09-25 15:38:39.497000,111172.6,5e-05
2025-09-25 15:38:39.497000,111172.6,5e-05
2025-09-25 15:38:39.497000,111172.6,5e-05
2025-09-25 15:38:39.497000,111172.6,0.0001
2025-09-25 15:38:39.497000,111172.6,5e-05
2025-09-25 15:38:39.497000,111172.6,5e-05
2025-09-25 15:38:39.497000,111172.6,5e-05
2025-09-25 15:38:39.497000,111172.6,5e-05
2025-09-25 15:38:39.497000,111172.6,5e-05
2025-09-25 15:38:39.497000,111172.6,5e-05
2025-09-25 15:38:39.497000,111172.6,5e-05
2025-09-25 15:38:39.497000,111172.6,5e-05
2025-09-25 15:38:39.497000,111172.6,5e-05
2025-09-25 15:38:39.497000,111172.6,5e-05
2025-09-25 15:38:39.497000,111172.6,5e-05
2025-09-25 15:38:39.497000,111172.6,5e-05
2025-09-25 15:38:39.497000,111172.6,5e-05
2025-09-25 15:38:39.497000,111172.6,5e-05
2025-09-25 15:38:39.497000,111172.6,5e-05
2025-09-25 15:38:39.497000,111172.6,5e-05
2025-09-25 15:38:39.497000,111172.6,5e-05
2025-09-25 15:38:39.497000,111172.6,5e-05
2025-09-25 15:38:39.497000,111172.6,0.00161
2025-09-25 15:38:39.497000,111172.6,0.00235
2025-09-25 15:38:39.497000,111172.6,5e-05
2025-09-25 15:38:39.497000,111172.6,0.00044
2025-09-25 15:38:39.497000,111172.6,0.00012
2025-09-25 15:38:39.497000,111172.6,5e-05
2025-09-25 15:38:39.497000,111172.6,5e-05
2025-09-25 15:38:39.497000,111172.6,5e-05
2025-09-25 15:38:39.497000,111172.6,5e-05
2025-09-25 15:38:39.497000,111172.59,0.01619
2025-09-25 15:38:39.497000,111172.59,5e-05
2025-09-25 15:38:39.497000,111172.59,5e-05
2025-09-25 15:38:39.497000,111172.59,5e-05
2025-09-25 15:38:39.497000,111172.59,5e-05
2025-09-25 15:38:39.497000,111172.59,5e-05
2025-09-25 15:38:39.497000,111172.59,5e-05
2025-09-25 15:38:39.497000,111172.59,5e-05
2025-09-25 15:38:39.497000,111172.59,5e-05
2025-09-25 15:38:39.497000,111172.59,5e-05
2025-09-25 15:38:39.497000,111172.59,5e-05
2025-09-25 15:38:39.497000,111172.59,5e-05
2025-09-25 15:38:39.497000,111172.59,5e-05
2025-09-25 15:38:39.497000,111172.59,5e-05
2025-09-25 15:38:39.497000,111172.59,5e-05
2025-09-25 15:38:39.497000,111172.59,5e-05
2025-09-25 15:38:39.497000,111172.59,5e-05
2025-09-25 15:38:39.497000,111172.59,5e-05
2025-09-25 15:38:39.497000,111172.59,5e-05
2025-09-25 15:38:39.497000,111172.59,5e-05
2025-09-25 15:38:39.497000,111172.59,0.0001
2025-09-25 15:38:39.497000,111172.59,5e-05
2025-09-25 15:38:39.497000,111172.59,5e-05
2025-09-25 15:38:39.497000,111172.59,5e-05
2025-09-25 15:38:39.497000,111172.59,5e-05
2025-09-25 15:38:39.497000,111172.59,5e-05
2025-09-25 15:38:39.497000,111172.59,5e-05
2025-09-25 15:38:39.518000,111172.59,5e-05
2025-09-25 15:38:39.518000,111172.59,5e-05
2025-09-25 15:38:39.518000,111172.59,5e-05
2025-09-25 15:38:39.518000,111172.59,5e-05
2025-09-25 15:38:39.518000,111172.59,5e-05
2025-09-25 15:38:39.518000,111172.59,5e-05
2025-09-25 15:38:39.518000,111172.59,5e-05
2025-09-25 15:38:39.518000,111172.59,5e-05
2025-09-25 15:38:39.518000,111172.59,5e-05
2025-09-25 15:38:39.518000,111172.59,5e-05
2025-09-25 15:38:39.518000,111172.59,5e-05
2025-09-25 15:38:39.518000,111172.59,5e-05
2025-09-25 15:38:39.518000,111172.59,5e-05
2025-09-25 15:38:39.518000,111172.59,5e-05
2025-09-25 15:38:39.518000,111172.59,5e-05
2025-09-25 15:38:39.518000,111172.59,5e-05
2025-09-25 15:38:39.518000,111172.59,5e-05
2025-09-25 15:38:39.518000,111172.59,5e-05
2025-09-25 15:38:39.518000,111172.59,5e-05
2025-09-25 15:38:39.518000,111172.59,5e-05
2025-09-25 15:38:39.518000,111172.59,5e-05
2025-09-25 15:38:39.518000,111172.59,5e-05
2025-09-25 15:38:39.518000,111172.58,0.0001
2025-09-25 15:38:39.518000,111172.58,5e-05
2025-09-25 15:38:39.518000,111172.58,5e-05
2025-09-25 15:38:39.518000,111172.58,5e-05
2025-09-25 15:38:39.518000,111172.58,5e-05
2025-09-25 15:38:39.518000,111172.58,5e-05
2025-09-25 15:38:39.518000,111172.58,5e-05
2025-09-25 15:38:39.518000,111172.58,5e-05
2025-09-25 15:38:39.518000,111172.58,5e-05
2025-09-25 15:38:39.518000,111172.58,5e-05
2025-09-25 15:38:39.518000,111172.58,5e-05
2025-09-25 15:38:39.518000,111172.58,5e-05
2025-09-25 15:38:39.518000,111172.58,5e-05
2025-09-25 15:38:39.518000,111172.58,5e-05
2025-09-25 15:38:39.518000,111172.58,5e-05
2025-09-25 15:38:39.518000,111172.58,5e-05
2025-09-25 15:38:39.518000,111172.58,5e-05
2025-09-25 15:38:39.518000,111172.58,5e-05
2025-09-25 15:38:39.526000,111172.53,0.0001
2025-09-25 15:38:39.526000,111172.53,5e-05
2025-09-25 15:38:39.526000,111172.53,5e-05
2025-09-25 15:38:39.526000,111172.53,5e-05
2025-09-25 15:38:39.526000,111172.53,5e-05
2025-09-25 15:38:39.526000,111172.53,5e-05
2025-09-25 15:38:39.526000,111172.53,5e-05
2025-09-25 15:38:39.526000,111172.53,5e-05
2025-09-25 15:38:39.526000,111172.53,5e-05
2025-09-25 15:38:39.526000,111172.53,5e-05
2025-09-25 15:38:39.526000,111172.53,5e-05
2025-09-25 15:38:39.526000,111172.53,5e-05
2025-09-25 15:38:39.526000,111172.53,5e-05
2025-09-25 15:38:39.526000,111172.53,5e-05
2025-09-25 15:38:39.526000,111172.53,5e-05
2025-09-25 15:38:39.526000,111172.53,5e-05
2025-09-25 15:38:39.526000,111172.53,5e-05
2025-09-25 15:38:39.526000,111172.52,0.0001
2025-09-25 15:38:39.526000,111172.52,5e-05
2025-09-25 15:38:39.526000,111172.52,5e-05
2025-09-25 15:38:39.526000,111172.52,5e-05
2025-09-25 15:38:39.526000,111172.52,5e-05
2025-09-25 15:38:39.526000,111172.52,5e-05
2025-09-25 15:38:39.526000,111172.52,5e-05
2025-09-25 15:38:39.526000,111172.52,5e-05
2025-09-25 15:38:39.526000,111172.52,5e-05
2025-09-25 15:38:39.526000,111172.52,5e-05
2025-09-25 15:38:39.526000,111172.52,5e-05
2025-09-25 15:38:39.526000,111172.52,5e-05
2025-09-25 15:38:39.526000,111172.52,5e-05
2025-09-25 15:38:39.526000,111172.52,5e-05
2025-09-25 15:38:39.526000,111172.52,5e-05
2025-09-25 15:38:39.526000,111172.52,5e-05
2025-09-25 15:38:39.526000,111171.5,0.0006
2025-09-25 15:38:39.526000,111171.5,5e-05
2025-09-25 15:38:39.526000,111171.5,5e-05
2025-09-25 15:38:39.526000,111171.49,0.0001
2025-09-25 15:38:39.526000,111171.02,0.0001
2025-09-25 15:38:39.556000,111171.02,0.00061
2025-09-25 15:38:39.556000,111171.02,5e-05
2025-09-25 15:38:39.556000,111171.02,5e-05
2025-09-25 15:38:39.556000,111171.02,5e-05
2025-09-25 15:38:39.556000,111171.02,5e-05
2025-09-25 15:38:39.556000,111171.02,5e-05
2025-09-25 15:38:39.556000,111171.02,5e-05
2025-09-25 15:38:39.556000,111171.02,5e-05
2025-09-25 15:38:39.556000,111171.02,5e-05
2025-09-25 15:38:39.556000,111171.02,5e-05
2025-09-25 15:38:39.556000,111171.02,5e-05
2025-09-25 15:38:39.556000,111171.02,5e-05
2025-09-25 15:38:39.556000,111171.02,5e-05
2025-09-25 15:38:39.556000,111171.02,5e-05
2025-09-25 15:38:39.556000,111171.02,5e-05
2025-09-25 15:38:39.556000,111171.02,5e-05
2025-09-25 15:38:39.556000,111171.02,5e-05
2025-09-25 15:38:39.556000,111171.02,5e-05
2025-09-25 15:38:39.556000,111171.02,5e-05
2025-09-25 15:38:39.556000,111171.01,0.0001
2025-09-25 15:38:39.556000,111171.01,5e-05
2025-09-25 15:38:39.556000,111171.01,5e-05
2025-09-25 15:38:39.556000,111171.01,5e-05
2025-09-25 15:38:39.556000,111171.01,5e-05
2025-09-25 15:38:39.556000,111171.01,5e-05
2025-09-25 15:38:39.556000,111171.01,5e-05
2025-09-25 15:38:39.556000,111171.01,5e-05
2025-09-25 15:38:39.556000,111171.01,5e-05
2025-09-25 15:38:39.556000,111171.01,5e-05
2025-09-25 15:38:39.556000,111171.01,5e-05
2025-09-25 15:38:39.556000,111171.01,5e-05
2025-09-25 15:38:39.556000,111171.01,5e-05
2025-09-25 15:38:39.556000,111171.01,5e-05
2025-09-25 15:38:39.556000,111171.01,5e-05
2025-09-25 15:38:39.556000,111171.01,5e-05
2025-09-25 15:38:39.556000,111171.01,5e-05
2025-09-25 15:38:39.556000,111171.01,5e-05
2025-09-25 15:38:39.556000,111170.14,5e-05
2025-09-25 15:38:39.556000,111170.14,5e-05
2025-09-25 15:38:39.556000,111170.14,5e-05
2025-09-25 15:38:39.556000,111170.14,5e-05
2025-09-25 15:38:39.556000,111169.99,9e-05
2025-09-25 15:38:39.556000,111169.86,5e-05
2025-09-25 15:38:39.556000,111169.85,5e-05
2025-09-25 15:38:39.556000,111169.85,2e-05
2025-09-25 15:38:40.097000,111169.85,5e-05
2025-09-25 15:38:40.097000,111169.85,5e-05
2025-09-25 15:38:40.097000,111169.85,5e-05
2025-09-25 15:38:40.097000,111169.85,5e-05
2025-09-25 15:38:40.097000,111169.85,5e-05
2025-09-25 15:38:40.097000,111169.85,5e-05
2025-09-25 15:38:40.097000,111169.85,5e-05
2025-09-25 15:38:40.097000,111169.85,5e-05
2025-09-25 15:38:40.097000,111169.85,5e-05
2025-09-25 15:38:40.097000,111169.85,5e-05
2025-09-25 15:38:40.097000,111169.85,5e-05
2025-09-25 15:38:40.097000,111169.85,5e-05
2025-09-25 15:38:40.097000,111169.85,0.00025
2025-09-25 15:38:40.346000,111169.85,0.08954
2025-09-25 15:38:40.465000,111169.86,0.00094
2025-09-25 15:38:41.318000,111169.86,0.0009
2025-09-25 15:38:42.442000,111169.85,0.0005
2025-09-25 15:38:42.505000,111169.85,0.0726
2025-09-25 15:38:42.599000,111169.86,0.00016
2025-09-25 15:38:42.753000,111169.85,0.00793
2025-09-25 15:38:42.842000,111169.85,0.00805
2025-09-25 15:38:43.748000,111169.86,0.00089
2025-09-25 15:38:43.921000,111169.85,0.00013
2025-09-25 15:38:44.202000,111169.85,0.00183
2025-09-25 15:38:44.683000,111169.86,0.00319
2025-09-25 15:38:45.237000,111169.85,5e-05
2025-09-25 15:38:45.472000,111169.85,0.08954
2025-09-25 15:38:45.775000,111169.85,0.00012
2025-09-25 15:38:46.355000,111169.86,0.00839
2025-09-25 15:38:46.519000,111169.86,6e-05
2025-09-25 15:38:47.580000,111169.85,0.00031
2025-09-25 15:38:48.348000,111169.86,5e-05
2025-09-25 15:38:48.388000,111169.86,0.00142
2025-09-25 15:38:49.081000,111169.85,0.00041
2025-09-25 15:38:49.669000,111169.86,0.0002
2025-09-25 15:38:50.508000,111169.85,0.00017
2025-09-25 15:38:50.575000,111169.85,0.0011
2025-09-25 15:38:51.220000,111169.85,6e-05
2025-09-25 15:38:51.241000,111169.85,0.00067
2025-09-25 15:38:51.249000,111169.85,0.0099
2025-09-25 15:38:51.574000,111169.86,5e-05
2025-09-25 15:38:51.574000,111169.86,3e-05
2025-09-25 15:38:51.904000,111169.86,2e-05
2025-09-25 15:38:51.904000,111169.86,5e-05
2025-09-25 15:38:51.904000,111169.86,5e-05
2025-09-25 15:38:51.904000,111169.86,0.00142
2025-09-25 15:38:52.296000,111169.86,0.00374
2025-09-25 15:38:52.950000,111169.85,0.026
2025-09-25 15:38:52.960000,111169.85,0.026
2025-09-25 15:38:54.100000,111169.85,0.026
2025-09-25 15:38:54.106000,111169.86,0.00041
2025-09-25 15:38:54.106000,111169.86,5e-05
2025-09-25 15:38:54.106000,111169.86,0.00044
2025-09-25 15:38:54.106000,111169.86,2e-05
2025-09-25 15:38:54.115000,111169.85,0.01474
2025-09-25 15:38:54.115000,111169.85,0.01126
2025-09-25 15:38:54.239000,111169.85,0.00516
2025-09-25 15:38:54.613000,111169.85,0.0002
2025-09-25 15:38:54.775000,111169.85,0.00736
2025-09-25 15:38:54.775000,111169.85,0.01709
2025-09-25 15:38:54.775000,111169.85,0.01619
2025-09-25 15:38:54.775000,111169.85,0.0057
2025-09-25 15:38:54.775000,111169.85,5e-05
2025-09-25 15:38:54.775000,111169.85,0.00044
2025-09-25 15:38:54.775000,111169.85,0.01796
2025-09-25 15:38:54.775000,111169.85,0.01619
2025-09-25 15:38:54.775000,111169.85,0.00856
2025-09-25 15:38:54.915000,111169.85,5e-05
2025-09-25 15:38:55.817000,111169.85,0.00036
2025-09-25 15:38:56.942000,111169.86,0.00011
2025-09-25 15:38:56.942000,111169.86,0.00041
2025-09-25 15:38:56.962000,111169.86,4e-05
2025-09-25 15:38:56.962000,111169.86,0.00106
2025-09-25 15:38:56.988000,111169.86,0.00369
2025-09-25 15:38:57.405000,111169.85,0.00019
2025-09-25 15:38:58.199000,111169.85,0.002
2025-09-25 15:38:58.199000,111169.85,0.00325
2025-09-25 15:38:58.207000,111169.85,8e-05
2025-09-25 15:38:58.390000,111169.85,5e-05
2025-09-25 15:38:58.508000,111169.86,0.00253
2025-09-25 15:38:58.904000,111169.85,0.01037
2025-09-25 15:38:58.904000,111169.85,0.01619
2025-09-25 15:38:58.904000,111169.85,0.00149
2025-09-25 15:38:58.904000,111169.85,5e-05
2025-09-25 15:38:58.904000,111169.85,5e-05
2025-09-25 15:38:58.904000,111169.85,5e-05
2025-09-25 15:38:58.904000,111169.85,0.01472
2025-09-25 15:38:58.904000,111169.85,5e-05
2025-09-25 15:38:58.904000,111169.85,5e-05
2025-09-25 15:38:58.904000,111169.85,5e-05
2025-09-25 15:38:58.904000,111169.85,5e-05
2025-09-25 15:38:58.904000,111169.85,5e-05
2025-09-25 15:38:58.904000,111169.85,5e-05
2025-09-25 15:38:58.904000,111169.85,5e-05
2025-09-25 15:38:58.904000,111169.85,5e-05
2025-09-25 15:38:58.904000,111169.85,5e-05
2025-09-25 15:38:58.904000,111169.85,0.024
2025-09-25 15:38:58.904000,111169.85,5e-05
2025-09-25 15:38:58.904000,111169.85,0.01443
2025-09-25 15:38:58.904000,111169.85,0.01709
2025-09-25 15:38:58.904000,111169.85,5e-05
2025-09-25 15:38:58.904000,111169.85,0.01796
2025-09-25 15:38:58.904000,111169.85,0.00184
2025-09-25 15:38:58.904000,111169.85,0.00044
2025-09-25 15:38:58.904000,111169.85,0.00046
2025-09-25 15:38:58.904000,111169.85,0.00274
2025-09-25 15:38:58.904000,111169.85,5e-05
2025-09-25 15:38:58.904000,111169.85,0.0012
2025-09-25 15:38:58.904000,111169.85,5e-05
2025-09-25 15:38:58.904000,111169.85,5e-05
2025-09-25 15:38:58.904000,111169.85,0.0001
2025-09-25 15:38:58.904000,111169.85,5e-05
2025-09-25 15:38:58.904000,111169.85,5e-05
2025-09-25 15:38:58.904000,111169.85,0.00545
2025-09-25 15:38:58.904000,111169.85,5e-05
2025-09-25 15:38:58.904000,111169.85,5e-05
2025-09-25 15:38:58.904000,111169.85,5e-05
2025-09-25 15:38:58.904000,111169.85,5e-05
2025-09-25 15:38:58.904000,111169.85,5e-05
2025-09-25 15:38:58.904000,111169.85,5e-05
2025-09-25 15:38:58.904000,111169.85,5e-05
2025-09-25 15:38:58.904000,111169.85,0.01375
2025-09-25 15:38:58.904000,111169.85,0.01472
2025-09-25 15:38:58.904000,111169.85,0.01443
2025-09-25 15:38:58.904000,111169.85,0.01709
2025-09-25 15:38:58.904000,111169.85,5e-05
2025-09-25 15:38:58.904000,111169.85,0.01796
2025-09-25 15:38:58.904000,111169.85,5e-05
2025-09-25 15:38:58.904000,111169.85,0.01375
2025-09-25 15:38:58.904000,111169.85,0.01472
2025-09-25 15:38:58.904000,111169.85,0.01443
2025-09-25 15:38:58.904000,111169.85,0.01709
2025-09-25 15:38:58.904000,111169.85,0.01796
2025-09-25 15:38:58.904000,111169.85,5e-05
2025-09-25 15:38:58.904000,111169.85,0.01375
2025-09-25 15:38:58.904000,111169.85,0.01472
2025-09-25 15:38:58.904000,111169.85,0.01443
2025-09-25 15:38:58.904000,111169.85,0.01709
2025-09-25 15:38:58.904000,111169.85,0.01796
2025-09-25 15:38:58.904000,111169.85,0.01375
2025-09-25 15:38:58.904000,111169.85,0.01472
2025-09-25 15:38:58.904000,111169.85,0.01443
2025-09-25 15:38:58.904000,111169.85,0.01709
2025-09-25 15:38:58.904000,111169.85,0.01796
2025-09-25 15:38:58.904000,111169.85,0.01375
2025-09-25 15:38:58.904000,111169.85,0.01472
2025-09-25 15:38:58.904000,111169.85,0.01443
2025-09-25 15:38:58.904000,111169.85,0.01709
2025-09-25 15:38:58.904000,111169.85,0.01796
2025-09-25 15:38:58.904000,111169.85,0.01375
2025-09-25 15:38:58.904000,111169.85,0.01472
2025-09-25 15:38:58.904000,111169.85,0.01443
2025-09-25 15:38:58.904000,111169.85,0.01709
2025-09-25 15:38:58.904000,111169.85,0.01796
2025-09-25 15:38:58.904000,111169.85,0.01375
2025-09-25 15:38:58.904000,111169.85,0.01472
2025-09-25 15:38:58.904000,111169.85,0.01443
2025-09-25 15:38:58.904000,111169.85,0.01709
2025-09-25 15:38:58.904000,111169.85,0.01796
2025-09-25 15:38:58.904000,111169.85,0.01375
2025-09-25 15:38:58.904000,111169.85,0.01472
2025-09-25 15:38:58.904000,111169.85,0.01443
2025-09-25 15:38:58.904000,111169.85,0.01702
2025-09-25 15:38:58.904000,111169.85,0.01792
2025-09-25 15:38:58.904000,111169.85,0.01365
2025-09-25 15:38:58.904000,111169.85,0.0147
2025-09-25 15:38:58.904000,111169.85,0.01438
2025-09-25 15:38:58.904000,111169.84,5e-05
2025-09-25 15:38:58.904000,111169.84,5e-05
2025-09-25 15:38:58.904000,111169.84,5e-05
2025-09-25 15:38:58.904000,111169.84,0.00204
2025-09-25 15:38:58.904000,111169.84,5e-05
2025-09-25 15:38:58.904000,111169.84,0.0001
2025-09-25 15:38:58.904000,111169.84,5e-05
2025-09-25 15:38:58.904000,111169.83,0.0001
2025-09-25 15:38:58.904000,111169.78,0.0001
2025-09-25 15:38:58.904000,111169.68,5e-05
2025-09-25 15:38:58.904000,111169.68,5e-05
2025-09-25 15:38:58.904000,111169.68,5e-05
2025-09-25 15:38:58.904000,111169.22,5e-05
2025-09-25 15:38:58.904000,111169.22,0.00081
2025-09-25 15:38:58.904000,111169.21,0.0001
2025-09-25 15:38:58.904000,111169.0,0.0011
2025-09-25 15:38:58.904000,111169.0,0.0001
2025-09-25 15:38:58.906000,111168.28,0.0001
2025-09-25 15:38:58.906000,111168.28,5e-05
2025-09-25 15:38:58.909000,111167.47,0.00747
2025-09-25 15:38:58.909000,111167.47,5e-05
2025-09-25 15:38:58.909000,111167.47,5e-05
2025-09-25 15:38:58.951000,111167.47,5e-05
2025-09-25 15:38:58.951000,111167.47,5e-05
2025-09-25 15:38:58.951000,111167.47,5e-05
2025-09-25 15:38:58.951000,111167.47,5e-05
2025-09-25 15:38:58.951000,111167.47,5e-05
2025-09-25 15:38:58.951000,111167.47,5e-05
2025-09-25 15:38:58.951000,111167.47,5e-05
2025-09-25 15:38:58.951000,111167.47,5e-05
2025-09-25 15:38:58.951000,111167.47,0.0001
2025-09-25 15:38:58.951000,111167.47,5e-05
2025-09-25 15:38:58.951000,111167.47,5e-05
2025-09-25 15:38:58.951000,111167.47,5e-05
2025-09-25 15:38:58.951000,111167.47,5e-05
2025-09-25 15:38:58.951000,111167.47,5e-05
2025-09-25 15:38:58.951000,111167.47,5e-05
2025-09-25 15:38:58.951000,111167.47,5e-05
2025-09-25 15:38:58.951000,111167.47,5e-05
2025-09-25 15:38:58.951000,111167.47,5e-05
2025-09-25 15:38:58.951000,111167.47,5e-05
2025-09-25 15:38:58.951000,111167.47,5e-05
2025-09-25 15:38:58.951000,111167.47,5e-05
2025-09-25 15:38:58.951000,111167.47,5e-05
2025-09-25 15:38:58.951000,111167.47,5e-05
2025-09-25 15:38:58.951000,111167.47,5e-05
2025-09-25 15:38:58.951000,111167.47,5e-05
2025-09-25 15:38:58.951000,111167.47,5e-05
2025-09-25 15:38:58.951000,111167.47,5e-05
2025-09-25 15:38:58.951000,111167.47,5e-05
2025-09-25 15:38:58.951000,111167.47,5e-05
2025-09-25 15:38:58.951000,111167.47,5e-05
2025-09-25 15:38:58.951000,111167.47,5e-05
2025-09-25 15:38:58.951000,111167.47,5e-05
2025-09-25 15:38:58.951000,111167.46,5e-05
2025-09-25 15:38:58.951000,111167.46,5e-05
2025-09-25 15:38:58.951000,111167.46,5e-05
2025-09-25 15:38:58.951000,111167.46,5e-05
2025-09-25 15:38:58.951000,111167.46,5e-05
2025-09-25 15:38:58.951000,111167.46,5e-05
2025-09-25 15:38:58.951000,111167.46,5e-05
2025-09-25 15:38:58.951000,111167.46,5e-05
2025-09-25 15:38:58.951000,111167.46,5e-05
2025-09-25 15:38:58.951000,111167.46,5e-05
2025-09-25 15:38:58.951000,111167.46,5e-05
2025-09-25 15:38:58.951000,111167.46,5e-05
2025-09-25 15:38:58.951000,111167.46,5e-05
2025-09-25 15:38:58.951000,111167.46,5e-05
2025-09-25 15:38:58.951000,111167.46,5e-05
2025-09-25 15:38:58.951000,111167.46,5e-05
2025-09-25 15:38:58.951000,111167.46,5e-05
2025-09-25 15:38:58.962000,111167.46,5e-05
2025-09-25 15:38:58.962000,111167.46,5e-05
2025-09-25 15:38:58.962000,111167.46,5e-05
2025-09-25 15:38:58.962000,111167.46,5e-05
2025-09-25 15:38:58.962000,111167.46,5e-05
2025-09-25 15:38:58.962000,111167.46,5e-05
2025-09-25 15:38:58.962000,111167.46,5e-05
2025-09-25 15:38:58.962000,111167.46,5e-05
2025-09-25 15:38:58.962000,111167.46,5e-05
2025-09-25 15:38:58.962000,111167.46,5e-05
2025-09-25 15:38:58.962000,111167.46,5e-05
2025-09-25 15:38:58.962000,111167.46,5e-05
2025-09-25 15:38:58.962000,111167.46,5e-05
2025-09-25 15:38:58.962000,111167.46,5e-05
2025-09-25 15:38:58.962000,111167.46,5e-05
2025-09-25 15:38:58.962000,111167.46,5e-05
2025-09-25 15:38:58.962000,111167.46,5e-05
2025-09-25 15:38:58.962000,111167.46,0.0001
2025-09-25 15:38:58.962000,111167.46,5e-05
2025-09-25 15:38:58.962000,111167.46,5e-05
2025-09-25 15:38:58.962000,111167.46,5e-05
2025-09-25 15:38:58.962000,111167.46,5e-05
2025-09-25 15:38:58.962000,111167.46,5e-05
2025-09-25 15:38:58.962000,111167.46,5e-05
2025-09-25 15:38:58.962000,111167.46,5e-05
2025-09-25 15:38:58.962000,111167.45,0.0001
2025-09-25 15:38:58.962000,111167.45,5e-05
2025-09-25 15:38:58.962000,111167.45,5e-05
2025-09-25 15:38:58.962000,111167.45,5e-05
2025-09-25 15:38:58.962000,111167.45,5e-05
2025-09-25 15:38:58.962000,111167.45,5e-05
2025-09-25 15:38:58.962000,111167.45,5e-05
2025-09-25 15:38:58.962000,111167.45,5e-05
2025-09-25 15:38:58.962000,111167.45,5e-05
2025-09-25 15:38:58.962000,111167.45,5e-05
2025-09-25 15:38:58.962000,111167.45,5e-05
2025-09-25 15:38:58.962000,111167.45,5e-05
2025-09-25 15:38:58.962000,111167.45,5e-05
2025-09-25 15:38:58.962000,111167.45,5e-05
2025-09-25 15:38:58.962000,111167.45,5e-05
2025-09-25 15:38:58.962000,111167.45,5e-05
2025-09-25 15:38:58.962000,111167.45,5e-05
2025-09-25 15:38:58.962000,111167.45,5e-05
2025-09-25 15:38:58.962000,111167.45,5e-05
2025-09-25 15:38:58.962000,111166.71,5e-05
2025-09-25 15:38:58.962000,111166.71,5e-05
2025-09-25 15:38:58.962000,111166.71,5e-05
2025-09-25 15:38:58.962000,111166.6,5e-05
2025-09-25 15:38:58.962000,111166.6,5e-05
2025-09-25 15:38:58.962000,111166.6,5e-05
2025-09-25 15:38:58.962000,111166.57,0.00082
2025-09-25 15:38:58.962000,111166.57,5e-05
2025-09-25 15:38:58.962000,111166.56,0.0001
2025-09-25 15:38:58.962000,111166.4,5e-05
2025-09-25 15:38:58.962000,111166.32,0.0001
2025-09-25 15:38:58.962000,111166.31,0.0001
2025-09-25 15:38:58.962000,111165.08,0.0001
2025-09-25 15:38:58.962000,111164.99,9e-05
2025-09-25 15:38:58.962000,111164.82,5e-05
2025-09-25 15:38:58.962000,111164.16,0.00083
2025-09-25 15:38:58.962000,111164.02,5e-05
2025-09-25 15:38:58.962000,111164.01,0.0001
2025-09-25 15:38:58.962000,111164.01,5e-05
2025-09-25 15:38:58.962000,111164.01,5e-05
2025-09-25 15:38:58.962000,111164.0,0.002
2025-09-25 15:38:58.962000,111164.0,5e-05
2025-09-25 15:38:58.962000,111164.0,5e-05
2025-09-25 15:38:58.962000,111164.0,5e-05
2025-09-25 15:38:58.962000,111163.97,0.00018
2025-09-25 15:38:58.962000,111163.88,5e-05
2025-09-25 15:38:58.962000,111163.6,5e-05
2025-09-25 15:38:58.962000,111163.06,5e-05
2025-09-25 15:38:58.962000,111163.05,5e-05
2025-09-25 15:38:58.962000,111162.9,0.00012
2025-09-25 15:38:58.962000,111162.6,5e-05
2025-09-25 15:38:58.962000,111162.6,5e-05
2025-09-25 15:38:58.962000,111162.6,5e-05
2025-09-25 15:38:58.962000,111162.6,5e-05
2025-09-25 15:38:58.962000,111162.59,0.01801
2025-09-25 15:38:58.965000,111162.59,0.02199
2025-09-25 15:38:58.965000,111162.59,5e-05
2025-09-25 15:38:58.965000,111162.59,5e-05
2025-09-25 15:38:58.965000,111162.59,5e-05
2025-09-25 15:38:58.965000,111162.59,5e-05
2025-09-25 15:38:58.965000,111162.59,5e-05
2025-09-25 15:38:58.965000,111162.59,5e-05
2025-09-25 15:38:58.965000,111162.59,5e-05
2025-09-25 15:38:58.965000,111162.59,5e-05
2025-09-25 15:38:58.965000,111162.58,5e-05
2025-09-25 15:38:58.965000,111162.58,5e-05
2025-09-25 15:38:58.965000,111162.58,5e-05
2025-09-25 15:38:58.965000,111162.58,5e-05
2025-09-25 15:38:58.965000,111162.58,5e-05
2025-09-25 15:38:58.965000,111162.58,5e-05
2025-09-25 15:38:58.965000,111162.58,5e-05
2025-09-25 15:38:58.965000,111162.58,5e-05
2025-09-25 15:38:58.965000,111162.18,5e-05
2025-09-25 15:38:58.965000,111162.17,7e-05
2025-09-25 15:38:58.965000,111162.09,5e-05
2025-09-25 15:38:58.965000,111162.09,5e-05
2025-09-25 15:38:58.965000,111162.09,5e-05
2025-09-25 15:38:58.965000,111161.97,0.00045
2025-09-25 15:38:58.965000,111161.67,5e-05
2025-09-25 15:38:58.965000,111161.67,5e-05
2025-09-25 15:38:58.965000,111161.67,5e-05
2025-09-25 15:38:58.965000,111161.67,5e-05
