timestamp,price,volume
2025-09-26 07:50:41.277000,109063.54,0.005
2025-09-26 07:50:41.287000,109063.54,0.004
2025-09-26 07:50:41.290000,109063.54,0.18323
2025-09-26 07:50:41.290000,109063.54,5e-05
2025-09-26 07:50:41.290000,109063.54,0.3
2025-09-26 07:50:41.290000,109063.54,5e-05
2025-09-26 07:50:41.290000,109063.54,5e-05
2025-09-26 07:50:41.290000,109063.54,5e-05
2025-09-26 07:50:41.290000,109063.54,5e-05
2025-09-26 07:50:41.290000,109063.54,5e-05
2025-09-26 07:50:41.290000,109063.54,5e-05
2025-09-26 07:50:41.290000,109063.54,5e-05
2025-09-26 07:50:41.290000,109063.54,5e-05
2025-09-26 07:50:41.290000,109063.54,5e-05
2025-09-26 07:50:41.290000,109063.54,5e-05
2025-09-26 07:50:41.290000,109063.54,5e-05
2025-09-26 07:50:41.290000,109063.54,5e-05
2025-09-26 07:50:41.290000,109063.54,5e-05
2025-09-26 07:50:41.290000,109063.54,5e-05
2025-09-26 07:50:41.290000,109063.54,5e-05
2025-09-26 07:50:41.290000,109063.54,0.30229
2025-09-26 07:50:41.290000,109063.54,5e-05
2025-09-26 07:50:41.290000,109063.54,5e-05
2025-09-26 07:50:41.290000,109063.54,5e-05
2025-09-26 07:50:41.290000,109063.54,5e-05
2025-09-26 07:50:41.290000,109063.54,5e-05
2025-09-26 07:50:41.290000,109063.54,5e-05
2025-09-26 07:50:41.290000,109063.54,5e-05
2025-09-26 07:50:41.290000,109063.54,5e-05
2025-09-26 07:50:41.290000,109063.54,0.00917
2025-09-26 07:50:41.291000,109063.53,5e-05
2025-09-26 07:50:41.291000,109063.53,5e-05
2025-09-26 07:50:41.291000,109063.53,5e-05
2025-09-26 07:50:41.291000,109063.53,5e-05
2025-09-26 07:50:41.291000,109063.53,5e-05
2025-09-26 07:50:41.291000,109063.53,5e-05
2025-09-26 07:50:41.291000,109063.53,5e-05
2025-09-26 07:50:41.291000,109063.53,5e-05
2025-09-26 07:50:41.291000,109063.53,5e-05
2025-09-26 07:50:41.291000,109063.53,5e-05
2025-09-26 07:50:41.291000,109063.53,5e-05
2025-09-26 07:50:41.291000,109063.53,5e-05
2025-09-26 07:50:41.291000,109063.53,5e-05
2025-09-26 07:50:41.291000,109063.53,5e-05
2025-09-26 07:50:41.291000,109063.53,5e-05
2025-09-26 07:50:41.291000,109063.53,5e-05
2025-09-26 07:50:41.291000,109063.53,5e-05
2025-09-26 07:50:41.291000,109063.53,0.00653
2025-09-26 07:50:41.291000,109063.53,5e-05
2025-09-26 07:50:41.291000,109063.53,5e-05
2025-09-26 07:50:41.291000,109062.95,0.00129
2025-09-26 07:50:41.291000,109062.39,5e-05
2025-09-26 07:50:41.291000,109062.39,5e-05
2025-09-26 07:50:41.291000,109062.39,5e-05
2025-09-26 07:50:41.291000,109062.38,5e-05
2025-09-26 07:50:41.291000,109062.38,0.02305
2025-09-26 07:50:41.291000,109062.38,5e-05
2025-09-26 07:50:41.291000,109062.37,0.00714
2025-09-26 07:50:41.291000,109062.37,5e-05
2025-09-26 07:50:41.291000,109062.33,0.00088
2025-09-26 07:50:41.291000,109061.91,0.00092
2025-09-26 07:50:41.291000,109061.72,5e-05
2025-09-26 07:50:41.295000,109061.01,5e-05
2025-09-26 07:50:41.295000,109061.01,5e-05
2025-09-26 07:50:41.295000,109061.01,5e-05
2025-09-26 07:50:41.295000,109061.01,5e-05
2025-09-26 07:50:41.295000,109061.01,5e-05
2025-09-26 07:50:41.295000,109061.01,5e-05
2025-09-26 07:50:41.295000,109061.01,5e-05
2025-09-26 07:50:41.295000,109061.01,5e-05
2025-09-26 07:50:41.295000,109061.01,0.13713
2025-09-26 07:50:41.308000,109061.01,5e-05
2025-09-26 07:50:41.308000,109061.01,5e-05
2025-09-26 07:50:41.308000,109061.01,5e-05
2025-09-26 07:50:41.308000,109061.01,5e-05
2025-09-26 07:50:41.308000,109061.01,5e-05
2025-09-26 07:50:41.308000,109061.01,5e-05
2025-09-26 07:50:41.308000,109061.01,5e-05
2025-09-26 07:50:41.308000,109061.01,5e-05
2025-09-26 07:50:41.308000,109061.01,5e-05
2025-09-26 07:50:41.308000,109061.01,5e-05
2025-09-26 07:50:41.308000,109061.01,5e-05
2025-09-26 07:50:41.308000,109061.01,5e-05
2025-09-26 07:50:41.308000,109061.01,5e-05
2025-09-26 07:50:41.308000,109061.01,5e-05
2025-09-26 07:50:41.308000,109061.01,5e-05
2025-09-26 07:50:41.308000,109061.01,5e-05
2025-09-26 07:50:41.308000,109061.0,5e-05
2025-09-26 07:50:41.308000,109061.0,5e-05
2025-09-26 07:50:41.308000,109061.0,5e-05
2025-09-26 07:50:41.308000,109061.0,5e-05
2025-09-26 07:50:41.308000,109061.0,5e-05
2025-09-26 07:50:41.308000,109061.0,5e-05
2025-09-26 07:50:41.308000,109061.0,5e-05
2025-09-26 07:50:41.308000,109061.0,5e-05
2025-09-26 07:50:41.308000,109061.0,5e-05
2025-09-26 07:50:41.308000,109061.0,5e-05
2025-09-26 07:50:41.308000,109061.0,5e-05
2025-09-26 07:50:41.308000,109061.0,5e-05
2025-09-26 07:50:41.308000,109061.0,5e-05
2025-09-26 07:50:41.308000,109061.0,5e-05
2025-09-26 07:50:41.308000,109061.0,5e-05
2025-09-26 07:50:41.308000,109061.0,5e-05
2025-09-26 07:50:41.308000,109061.0,5e-05
2025-09-26 07:50:41.308000,109061.0,5e-05
2025-09-26 07:50:41.308000,109060.0,5e-05
2025-09-26 07:50:41.308000,109059.8,0.00079
2025-09-26 07:50:41.308000,109059.73,0.28546
2025-09-26 07:50:41.308000,109059.73,0.01685
2025-09-26 07:50:41.308000,109059.73,5e-05
2025-09-26 07:50:41.308000,109059.73,5e-05
2025-09-26 07:50:41.308000,109059.02,5e-05
2025-09-26 07:50:41.308000,109058.82,5e-05
2025-09-26 07:50:41.308000,109057.38,0.0001
2025-09-26 07:50:41.308000,109057.07,0.14285
2025-09-26 07:50:41.308000,109057.07,0.023
2025-09-26 07:50:41.308000,109057.07,0.057
2025-09-26 07:50:41.309000,109057.07,0.07946
2025-09-26 07:50:41.309000,109057.07,5e-05
2025-09-26 07:50:41.309000,109057.07,5e-05
2025-09-26 07:50:41.309000,109056.72,6e-05
2025-09-26 07:50:41.309000,109056.29,5e-05
2025-09-26 07:50:41.309000,109056.1,5e-05
2025-09-26 07:50:41.309000,109055.99,0.0317
2025-09-26 07:50:41.309000,109055.99,0.00917
2025-09-26 07:50:41.309000,109055.99,5e-05
2025-09-26 07:50:41.309000,109055.99,5e-05
2025-09-26 07:50:41.309000,109055.66,0.00015
2025-09-26 07:50:41.309000,109054.99,0.0001
2025-09-26 07:50:41.309000,109054.12,0.06206
2025-09-26 07:50:41.309000,109054.12,0.26775
2025-09-26 07:50:41.309000,109054.12,5e-05
2025-09-26 07:50:41.309000,109054.12,5e-05
2025-09-26 07:50:41.309000,109053.57,5e-05
2025-09-26 07:50:41.309000,109053.44,6e-05
2025-09-26 07:50:41.309000,109053.21,0.05204
2025-09-26 07:50:41.315000,109054.12,5e-05
2025-09-26 07:50:41.315000,109054.12,5e-05
2025-09-26 07:50:41.315000,109054.12,5e-05
2025-09-26 07:50:41.315000,109054.12,2e-05
2025-09-26 07:50:41.339000,109054.12,5e-05
2025-09-26 07:50:41.339000,109054.12,0.10995
2025-09-26 07:50:41.360000,109054.12,5e-05
2025-09-26 07:50:41.360000,109054.12,5e-05
2025-09-26 07:50:41.360000,109054.12,5e-05
2025-09-26 07:50:41.360000,109054.12,5e-05
2025-09-26 07:50:41.360000,109054.12,5e-05
2025-09-26 07:50:41.360000,109054.12,5e-05
2025-09-26 07:50:41.360000,109054.12,5e-05
2025-09-26 07:50:41.360000,109054.12,5e-05
2025-09-26 07:50:41.360000,109054.12,5e-05
2025-09-26 07:50:41.360000,109054.12,5e-05
2025-09-26 07:50:41.360000,109054.12,5e-05
2025-09-26 07:50:41.360000,109054.12,5e-05
2025-09-26 07:50:41.360000,109054.12,5e-05
2025-09-26 07:50:41.360000,109054.12,5e-05
2025-09-26 07:50:41.360000,109054.12,5e-05
2025-09-26 07:50:41.360000,109054.12,5e-05
2025-09-26 07:50:41.360000,109054.12,5e-05
2025-09-26 07:50:41.360000,109054.12,5e-05
2025-09-26 07:50:41.360000,109054.12,5e-05
2025-09-26 07:50:41.360000,109054.12,5e-05
2025-09-26 07:50:41.360000,109054.12,5e-05
2025-09-26 07:50:41.360000,109054.12,5e-05
2025-09-26 07:50:41.360000,109054.12,5e-05
2025-09-26 07:50:41.360000,109054.12,5e-05
2025-09-26 07:50:41.360000,109054.12,5e-05
2025-09-26 07:50:41.360000,109054.12,5e-05
2025-09-26 07:50:41.360000,109054.12,5e-05
2025-09-26 07:50:41.360000,109054.12,5e-05
2025-09-26 07:50:41.360000,109054.12,5e-05
2025-09-26 07:50:41.360000,109054.12,5e-05
2025-09-26 07:50:41.360000,109054.12,5e-05
2025-09-26 07:50:41.360000,109054.12,5e-05
2025-09-26 07:50:41.360000,109054.12,5e-05
2025-09-26 07:50:41.360000,109054.12,5e-05
2025-09-26 07:50:41.360000,109054.12,5e-05
2025-09-26 07:50:41.360000,109054.12,0.00057
2025-09-26 07:50:41.360000,109054.12,5e-05
2025-09-26 07:50:41.360000,109054.12,5e-05
2025-09-26 07:50:41.383000,109054.11,5e-05
2025-09-26 07:50:41.383000,109054.11,5e-05
2025-09-26 07:50:41.383000,109054.11,5e-05
2025-09-26 07:50:41.383000,109054.11,5e-05
2025-09-26 07:50:41.383000,109054.11,5e-05
2025-09-26 07:50:41.383000,109054.11,5e-05
2025-09-26 07:50:41.383000,109054.11,5e-05
2025-09-26 07:50:41.383000,109054.11,5e-05
2025-09-26 07:50:41.383000,109054.11,5e-05
2025-09-26 07:50:41.383000,109054.11,5e-05
2025-09-26 07:50:41.383000,109054.11,5e-05
2025-09-26 07:50:41.383000,109054.11,5e-05
2025-09-26 07:50:41.383000,109054.11,5e-05
2025-09-26 07:50:41.383000,109054.11,5e-05
2025-09-26 07:50:41.383000,109054.11,5e-05
2025-09-26 07:50:41.383000,109054.11,5e-05
2025-09-26 07:50:41.383000,109054.11,5e-05
2025-09-26 07:50:41.383000,109054.11,5e-05
2025-09-26 07:50:41.383000,109054.11,5e-05
2025-09-26 07:50:41.383000,109054.11,5e-05
2025-09-26 07:50:41.383000,109054.11,5e-05
2025-09-26 07:50:41.383000,109054.11,5e-05
2025-09-26 07:50:41.383000,109054.11,5e-05
2025-09-26 07:50:41.383000,109054.11,5e-05
2025-09-26 07:50:41.383000,109054.11,5e-05
2025-09-26 07:50:41.383000,109054.11,5e-05
2025-09-26 07:50:41.383000,109054.11,5e-05
2025-09-26 07:50:41.383000,109054.11,5e-05
2025-09-26 07:50:41.383000,109054.11,5e-05
2025-09-26 07:50:41.383000,109054.11,5e-05
2025-09-26 07:50:41.383000,109054.11,5e-05
2025-09-26 07:50:41.383000,109054.11,5e-05
2025-09-26 07:50:41.383000,109054.11,0.0024
2025-09-26 07:50:41.446000,109054.12,0.03313
2025-09-26 07:50:41.591000,109054.12,0.02013
2025-09-26 07:50:41.591000,109054.12,0.38427
2025-09-26 07:50:41.634000,109054.12,0.00183
2025-09-26 07:50:41.681000,109054.12,0.26052
2025-09-26 07:50:41.860000,109054.12,0.7872
2025-09-26 07:50:41.860000,109054.12,0.3318
2025-09-26 07:50:41.860000,109054.12,0.50587
2025-09-26 07:50:41.860000,109054.12,0.40448
2025-09-26 07:50:41.860000,109054.12,0.3656
2025-09-26 07:50:41.909000,109054.12,0.00063
2025-09-26 07:50:42.255000,109054.12,0.00333
2025-09-26 07:50:42.475000,109054.11,0.00458
2025-09-26 07:50:42.815000,109054.12,0.00572
2025-09-26 07:50:43.475000,109054.11,0.00458
2025-09-26 07:50:43.517000,109054.12,0.00045
2025-09-26 07:50:43.519000,109054.11,0.027
2025-09-26 07:50:43.522000,109054.11,0.002
2025-09-26 07:50:43.833000,109054.11,0.00916
2025-09-26 07:50:44.159000,109054.11,0.00012
2025-09-26 07:50:44.832000,109054.11,7e-05
2025-09-26 07:50:45.214000,109054.12,0.26041
2025-09-26 07:50:45.221000,109054.12,0.03313
2025-09-26 07:50:45.301000,109054.12,0.03614
2025-09-26 07:50:45.391000,109054.11,0.11
2025-09-26 07:50:45.462000,109054.12,0.0001
2025-09-26 07:50:45.633000,109054.12,0.00046
2025-09-26 07:50:45.774000,109054.12,0.00333
2025-09-26 07:50:46.061000,109054.12,0.00013
2025-09-26 07:50:47.139000,109054.11,8e-05
2025-09-26 07:50:47.869000,109054.11,8e-05
2025-09-26 07:50:47.945000,109054.11,0.00087
2025-09-26 07:50:47.950000,109054.12,0.00123
2025-09-26 07:50:48.313000,109054.11,8e-05
2025-09-26 07:50:48.530000,109054.11,0.027
2025-09-26 07:50:48.939000,109054.12,0.26041
2025-09-26 07:50:48.943000,109054.12,0.03313
2025-09-26 07:50:49.109000,109054.11,9e-05
2025-09-26 07:50:49.188000,109054.11,8e-05
2025-09-26 07:50:49.324000,109054.12,0.01437
2025-09-26 07:50:49.506000,109054.12,0.00333
2025-09-26 07:50:49.516000,109054.11,8e-05
2025-09-26 07:50:49.906000,109054.12,0.00371
2025-09-26 07:50:50.077000,109054.11,9e-05
2025-09-26 07:50:50.767000,109054.11,8e-05
2025-09-26 07:50:50.837000,109054.11,0.11156
2025-09-26 07:50:50.837000,109054.11,5e-05
2025-09-26 07:50:50.837000,109054.11,5e-05
2025-09-26 07:50:50.837000,109054.11,5e-05
2025-09-26 07:50:50.837000,109054.11,5e-05
2025-09-26 07:50:50.837000,109054.11,5e-05
2025-09-26 07:50:50.837000,109054.11,0.07157
2025-09-26 07:50:50.853000,109054.12,0.00052
2025-09-26 07:50:50.960000,109054.11,6e-05
2025-09-26 07:50:50.972000,109054.11,0.00012
2025-09-26 07:50:50.997000,109054.11,8e-05
2025-09-26 07:50:51.579000,109054.11,8e-05
2025-09-26 07:50:51.594000,109054.12,0.39658
2025-09-26 07:50:51.673000,109054.11,8e-05
2025-09-26 07:50:51.860000,109054.12,0.14775
2025-09-26 07:50:51.860000,109054.12,0.05499
2025-09-26 07:50:51.860000,109054.12,0.0008
2025-09-26 07:50:51.860000,109054.12,0.43938
2025-09-26 07:50:51.860000,109054.12,0.9593
2025-09-26 07:50:51.860000,109054.12,0.64
2025-09-26 07:50:51.860000,109054.12,0.15273
2025-09-26 07:50:51.870000,109054.12,0.23719
2025-09-26 07:50:51.880000,109054.11,7e-05
2025-09-26 07:50:51.903000,109054.12,0.07215
2025-09-26 07:50:51.935000,109054.12,0.05496
2025-09-26 07:50:51.935000,109054.12,0.02422
2025-09-26 07:50:51.965000,109054.12,0.02498
2025-09-26 07:50:51.965000,109054.12,0.04084
2025-09-26 07:50:51.995000,109054.12,0.01412
2025-09-26 07:50:51.995000,109054.12,0.00102
2025-09-26 07:50:51.995000,109054.12,0.00013
2025-09-26 07:50:51.995000,109054.12,5e-05
2025-09-26 07:50:51.995000,109054.12,5e-05
2025-09-26 07:50:51.995000,109054.12,5e-05
2025-09-26 07:50:51.995000,109054.12,0.0358
2025-09-26 07:50:51.995000,109054.12,0.00012
2025-09-26 07:50:51.995000,109054.12,5e-05
2025-09-26 07:50:51.995000,109054.12,5e-05
2025-09-26 07:50:51.995000,109054.12,5e-05
2025-09-26 07:50:51.995000,109054.12,0.0001
2025-09-26 07:50:51.995000,109054.12,5e-05
2025-09-26 07:50:51.995000,109054.12,0.00022
2025-09-26 07:50:51.995000,109054.12,0.00015
2025-09-26 07:50:51.995000,109054.12,0.00015
2025-09-26 07:50:51.995000,109054.12,8e-05
2025-09-26 07:50:51.995000,109054.12,5e-05
2025-09-26 07:50:51.995000,109054.12,0.01244
2025-09-26 07:50:51.995000,109054.12,5e-05
2025-09-26 07:50:51.995000,109054.12,0.0001
2025-09-26 07:50:51.995000,109054.12,5e-05
2025-09-26 07:50:51.995000,109054.12,5e-05
2025-09-26 07:50:51.995000,109054.12,5e-05
2025-09-26 07:50:51.995000,109054.12,5e-05
2025-09-26 07:50:51.995000,109054.12,5e-05
2025-09-26 07:50:51.995000,109054.12,5e-05
2025-09-26 07:50:51.995000,109054.12,5e-05
2025-09-26 07:50:51.995000,109054.12,5e-05
2025-09-26 07:50:51.995000,109054.12,5e-05
2025-09-26 07:50:51.995000,109054.12,5e-05
2025-09-26 07:50:51.995000,109054.12,5e-05
2025-09-26 07:50:51.995000,109054.12,5e-05
2025-09-26 07:50:51.995000,109054.12,5e-05
2025-09-26 07:50:51.995000,109054.12,5e-05
2025-09-26 07:50:51.995000,109054.12,5e-05
2025-09-26 07:50:51.995000,109054.12,5e-05
2025-09-26 07:50:51.995000,109054.12,5e-05
2025-09-26 07:50:51.995000,109054.12,5e-05
2025-09-26 07:50:51.995000,109054.13,5e-05
2025-09-26 07:50:51.995000,109054.13,5e-05
2025-09-26 07:50:51.997000,109054.13,5e-05
2025-09-26 07:50:51.997000,109054.13,0.00721
2025-09-26 07:50:51.997000,109054.13,5e-05
2025-09-26 07:50:51.997000,109054.13,0.0001
2025-09-26 07:50:51.997000,109054.13,5e-05
2025-09-26 07:50:51.997000,109054.13,5e-05
2025-09-26 07:50:51.997000,109054.13,5e-05
2025-09-26 07:50:51.997000,109054.13,5e-05
2025-09-26 07:50:51.997000,109054.13,5e-05
2025-09-26 07:50:51.997000,109054.13,5e-05
2025-09-26 07:50:51.997000,109054.13,5e-05
2025-09-26 07:50:51.997000,109054.13,5e-05
2025-09-26 07:50:51.997000,109054.13,5e-05
2025-09-26 07:50:51.997000,109054.13,5e-05
2025-09-26 07:50:51.997000,109054.13,5e-05
2025-09-26 07:50:51.997000,109054.13,5e-05
2025-09-26 07:50:51.997000,109054.13,5e-05
2025-09-26 07:50:51.997000,109054.13,5e-05
2025-09-26 07:50:51.997000,109054.13,5e-05
2025-09-26 07:50:51.997000,109054.14,0.0001
2025-09-26 07:50:51.997000,109056.01,0.00917
2025-09-26 07:50:51.997000,109056.01,0.0001
2025-09-26 07:50:51.997000,109056.01,5e-05
2025-09-26 07:50:51.997000,109056.02,0.0001
2025-09-26 07:50:51.997000,109056.1,5e-05
2025-09-26 07:50:51.997000,109056.63,5e-05
2025-09-26 07:50:51.997000,109057.06,5e-05
2025-09-26 07:50:51.997000,109057.06,5e-05
2025-09-26 07:50:51.997000,109057.06,5e-05
2025-09-26 07:50:52.004000,109057.07,0.00017
2025-09-26 07:50:52.233000,109057.06,9e-05
2025-09-26 07:50:52.368000,109057.07,0.00058
2025-09-26 07:50:52.518000,109057.06,0.00025
2025-09-26 07:50:52.544000,109057.06,9e-05
2025-09-26 07:50:52.718000,109057.07,0.26041
2025-09-26 07:50:52.720000,109057.06,9e-05
2025-09-26 07:50:52.805000,109057.07,0.03313
2025-09-26 07:50:52.991000,109057.06,0.0006
2025-09-26 07:50:53.083000,109057.07,0.00286
2025-09-26 07:50:53.190000,109057.06,7e-05
2025-09-26 07:50:53.312000,109057.07,0.00333
2025-09-26 07:50:53.507000,109057.06,8e-05
2025-09-26 07:50:53.542000,109057.06,0.027
2025-09-26 07:50:53.544000,109057.06,0.002
2025-09-26 07:50:53.624000,109057.06,8e-05
2025-09-26 07:50:53.785000,109057.06,8e-05
2025-09-26 07:50:53.890000,109057.06,8e-05
2025-09-26 07:50:53.959000,109057.07,0.00023
2025-09-26 07:50:54.113000,109057.07,0.14241
2025-09-26 07:50:54.113000,109057.07,5e-05
2025-09-26 07:50:54.113000,109057.07,5e-05
2025-09-26 07:50:54.113000,109057.07,5e-05
2025-09-26 07:50:54.113000,109057.07,5e-05
2025-09-26 07:50:54.113000,109057.07,5e-05
2025-09-26 07:50:54.113000,109057.07,5e-05
2025-09-26 07:50:54.113000,109057.07,5e-05
2025-09-26 07:50:54.113000,109057.07,5e-05
2025-09-26 07:50:54.113000,109057.07,5e-05
2025-09-26 07:50:54.113000,109057.07,5e-05
2025-09-26 07:50:54.113000,109057.07,5e-05
2025-09-26 07:50:54.113000,109057.07,5e-05
2025-09-26 07:50:54.113000,109057.07,5e-05
2025-09-26 07:50:54.113000,109057.07,5e-05
2025-09-26 07:50:54.113000,109057.07,5e-05
2025-09-26 07:50:54.113000,109057.07,5e-05
2025-09-26 07:50:54.113000,109057.07,5e-05
2025-09-26 07:50:54.113000,109057.07,5e-05
2025-09-26 07:50:54.113000,109057.07,5e-05
2025-09-26 07:50:54.113000,109057.07,5e-05
2025-09-26 07:50:54.113000,109057.07,5e-05
2025-09-26 07:50:54.113000,109057.07,5e-05
2025-09-26 07:50:54.113000,109057.07,5e-05
2025-09-26 07:50:54.113000,109057.07,5e-05
2025-09-26 07:50:54.113000,109057.07,5e-05
2025-09-26 07:50:54.113000,109057.07,5e-05
2025-09-26 07:50:54.113000,109057.07,5e-05
2025-09-26 07:50:54.113000,109057.07,5e-05
2025-09-26 07:50:54.113000,109057.07,5e-05
2025-09-26 07:50:54.113000,109057.07,5e-05
2025-09-26 07:50:54.113000,109057.07,5e-05
2025-09-26 07:50:54.113000,109057.07,5e-05
2025-09-26 07:50:54.113000,109057.07,5e-05
2025-09-26 07:50:54.113000,109057.07,5e-05
2025-09-26 07:50:54.113000,109057.07,5e-05
2025-09-26 07:50:54.113000,109057.07,0.0007
2025-09-26 07:50:54.113000,109057.07,0.00069
2025-09-26 07:50:54.113000,109057.07,0.05445
2025-09-26 07:50:54.226000,109057.06,9e-05
2025-09-26 07:50:54.402000,109057.06,8e-05
2025-09-26 07:50:54.407000,109057.07,0.03087
2025-09-26 07:50:54.578000,109057.07,0.00067
2025-09-26 07:50:55.054000,109057.06,6e-05
2025-09-26 07:50:55.682000,109057.07,0.00053
2025-09-26 07:50:55.849000,109057.06,8e-05
2025-09-26 07:50:56.060000,109057.06,9e-05
2025-09-26 07:50:56.105000,109057.07,0.02006
2025-09-26 07:50:56.133000,109057.07,0.00713
2025-09-26 07:50:56.133000,109057.07,5e-05
2025-09-26 07:50:56.133000,109057.07,0.0001
2025-09-26 07:50:56.133000,109057.07,5e-05
2025-09-26 07:50:56.133000,109057.07,5e-05
2025-09-26 07:50:56.133000,109057.07,5e-05
2025-09-26 07:50:56.133000,109057.07,5e-05
2025-09-26 07:50:56.133000,109057.07,5e-05
2025-09-26 07:50:56.133000,109057.07,5e-05
2025-09-26 07:50:56.133000,109057.07,0.01257
2025-09-26 07:50:56.153000,109057.07,0.02434
2025-09-26 07:50:56.187000,109057.07,0.01997
2025-09-26 07:50:56.207000,109057.07,0.02425
2025-09-26 07:50:56.239000,109057.07,0.02009
2025-09-26 07:50:56.274000,109057.07,0.0244
2025-09-26 07:50:56.305000,109057.07,5e-05
2025-09-26 07:50:56.305000,109057.07,0.00012
2025-09-26 07:50:56.305000,109057.07,5e-05
2025-09-26 07:50:56.305000,109057.07,5e-05
2025-09-26 07:50:56.305000,109057.07,0.00017
2025-09-26 07:50:56.305000,109057.07,0.0008
2025-09-26 07:50:56.305000,109057.07,0.01878
2025-09-26 07:50:56.369000,109057.07,0.02019
2025-09-26 07:50:56.417000,109057.06,9e-05
2025-09-26 07:50:56.424000,109057.07,0.01998
2025-09-26 07:50:56.455000,109057.07,0.00165
2025-09-26 07:50:56.455000,109057.07,0.01824
2025-09-26 07:50:56.473000,109057.07,0.02449
2025-09-26 07:50:56.477000,109057.07,0.05727
2025-09-26 07:50:56.477000,109057.07,5e-05
2025-09-26 07:50:56.477000,109057.07,5e-05
2025-09-26 07:50:56.477000,109057.07,5e-05
2025-09-26 07:50:56.477000,109057.07,0.0001
2025-09-26 07:50:56.477000,109057.07,5e-05
2025-09-26 07:50:56.477000,109057.07,5e-05
2025-09-26 07:50:56.477000,109057.07,5e-05
2025-09-26 07:50:56.477000,109057.07,0.0006
2025-09-26 07:50:56.477000,109057.07,5e-05
2025-09-26 07:50:56.477000,109057.07,5e-05
2025-09-26 07:50:56.477000,109057.08,5e-05
2025-09-26 07:50:56.477000,109057.08,5e-05
2025-09-26 07:50:56.477000,109057.08,5e-05
2025-09-26 07:50:56.477000,109057.08,5e-05
2025-09-26 07:50:56.477000,109057.08,5e-05
2025-09-26 07:50:56.477000,109057.08,5e-05
2025-09-26 07:50:56.477000,109057.08,5e-05
2025-09-26 07:50:56.477000,109057.08,5e-05
2025-09-26 07:50:56.477000,109057.08,5e-05
2025-09-26 07:50:56.477000,109057.08,5e-05
2025-09-26 07:50:56.477000,109057.08,5e-05
2025-09-26 07:50:56.477000,109057.08,5e-05
2025-09-26 07:50:56.477000,109057.08,5e-05
2025-09-26 07:50:56.477000,109057.08,5e-05
2025-09-26 07:50:56.477000,109057.08,5e-05
2025-09-26 07:50:56.477000,109057.08,5e-05
2025-09-26 07:50:56.477000,109057.08,5e-05
2025-09-26 07:50:56.477000,109057.08,5e-05
2025-09-26 07:50:56.477000,109057.08,5e-05
2025-09-26 07:50:56.477000,109057.09,0.0001
2025-09-26 07:50:56.477000,109057.83,5e-05
2025-09-26 07:50:56.477000,109057.83,5e-05
2025-09-26 07:50:56.477000,109057.83,5e-05
2025-09-26 07:50:56.477000,109057.84,5e-05
2025-09-26 07:50:56.477000,109057.84,5e-05
2025-09-26 07:50:56.477000,109057.84,5e-05
2025-09-26 07:50:56.477000,109057.84,0.0001
2025-09-26 07:50:56.477000,109057.84,5e-05
2025-09-26 07:50:56.477000,109057.84,0.19582
2025-09-26 07:50:56.477000,109057.84,5e-05
2025-09-26 07:50:56.477000,109057.85,0.00467
2025-09-26 07:50:56.507000,109057.85,0.01533
2025-09-26 07:50:56.507000,109057.85,0.00457
2025-09-26 07:50:56.536000,109057.85,0.02007
2025-09-26 07:50:56.566000,109057.85,0.02004
2025-09-26 07:50:56.593000,109057.85,0.02014
2025-09-26 07:50:56.593000,109057.85,0.01518
2025-09-26 07:50:56.593000,109057.85,0.16
2025-09-26 07:50:56.593000,109057.85,0.04
2025-09-26 07:50:56.593000,109057.85,0.17588
2025-09-26 07:50:56.621000,109057.85,0.02017
2025-09-26 07:50:56.634000,109057.85,0.03313
2025-09-26 07:50:56.645000,109057.85,0.02431
2025-09-26 07:50:56.665000,109057.85,0.01989
2025-09-26 07:50:56.707000,109057.85,0.02013
2025-09-26 07:50:56.726000,109057.85,0.02431
2025-09-26 07:50:56.761000,109057.85,0.00218
2025-09-26 07:50:56.761000,109057.85,5e-05
2025-09-26 07:50:56.761000,109057.85,5e-05
2025-09-26 07:50:56.761000,109057.85,0.0001
2025-09-26 07:50:56.761000,109057.85,5e-05
2025-09-26 07:50:56.761000,109057.85,5e-05
2025-09-26 07:50:56.761000,109057.85,5e-05
2025-09-26 07:50:56.761000,109057.85,5e-05
2025-09-26 07:50:56.761000,109057.85,5e-05
2025-09-26 07:50:56.761000,109057.85,5e-05
2025-09-26 07:50:56.761000,109057.85,5e-05
2025-09-26 07:50:56.761000,109057.85,0.01739
2025-09-26 07:50:56.794000,109057.85,0.01997
2025-09-26 07:50:56.814000,109057.85,0.01532
2025-09-26 07:50:56.856000,109057.85,0.02005
2025-09-26 07:50:56.883000,109057.85,0.02012
2025-09-26 07:50:56.913000,109057.85,0.0201
2025-09-26 07:50:56.943000,109057.85,0.02002
2025-09-26 07:50:56.972000,109057.85,0.01991
2025-09-26 07:50:56.999000,109057.85,5e-05
2025-09-26 07:50:56.999000,109057.85,5e-05
2025-09-26 07:50:56.999000,109057.85,0.01987
2025-09-26 07:50:57.088000,109057.85,0.01986
2025-09-26 07:50:57.126000,109057.85,0.02008
2025-09-26 07:50:57.155000,109057.85,5e-05
2025-09-26 07:50:57.155000,109057.85,5e-05
2025-09-26 07:50:57.155000,109057.85,5e-05
2025-09-26 07:50:57.155000,109057.85,5e-05
2025-09-26 07:50:57.155000,109057.85,5e-05
2025-09-26 07:50:57.155000,109057.85,5e-05
2025-09-26 07:50:57.155000,109057.85,5e-05
2025-09-26 07:50:57.155000,109057.85,5e-05
2025-09-26 07:50:57.155000,109057.85,5e-05
2025-09-26 07:50:57.155000,109057.85,5e-05
2025-09-26 07:50:57.155000,109057.85,0.01954
2025-09-26 07:50:57.185000,109057.85,0.00046
2025-09-26 07:50:57.185000,109057.85,0.00206
2025-09-26 07:50:57.185000,109057.85,0.01735
2025-09-26 07:50:57.194000,109057.85,0.00206
2025-09-26 07:50:57.249000,109057.85,0.02001
2025-09-26 07:50:57.277000,109057.85,0.00058
2025-09-26 07:50:57.277000,109057.85,0.01922
2025-09-26 07:50:57.319000,109057.85,0.00333
2025-09-26 07:50:57.336000,109057.85,0.02005
2025-09-26 07:50:57.364000,109057.85,0.01991
2025-09-26 07:50:57.394000,109057.85,0.01749
2025-09-26 07:50:57.394000,109057.85,0.00251
2025-09-26 07:50:57.429000,109057.84,9e-05
2025-09-26 07:50:57.536000,109057.85,7e-05
2025-09-26 07:50:57.736000,109057.84,0.00044
2025-09-26 07:50:58.030000,109057.84,8e-05
2025-09-26 07:50:58.238000,109057.84,9e-05
2025-09-26 07:50:58.289000,109057.84,8e-05
2025-09-26 07:50:58.553000,109057.84,0.027
2025-09-26 07:50:59.392000,109057.85,0.0431
2025-09-26 07:50:59.780000,109057.85,9e-05
2025-09-26 07:50:59.927000,109057.85,7e-05
2025-09-26 07:51:00.183000,109057.84,8e-05
2025-09-26 07:51:00.192000,109057.85,0.03313
2025-09-26 07:51:00.286000,109057.85,0.08103
2025-09-26 07:51:00.286000,109057.85,5e-05
2025-09-26 07:51:00.286000,109057.85,0.17933
2025-09-26 07:51:00.322000,109057.85,0.00554
2025-09-26 07:51:00.391000,109057.85,0.00421
2025-09-26 07:51:00.428000,109057.84,0.00025
2025-09-26 07:51:00.491000,109057.85,0.13092
2025-09-26 07:51:00.491000,109057.85,5e-05
2025-09-26 07:51:00.491000,109057.85,5e-05
2025-09-26 07:51:00.491000,109057.85,5e-05
2025-09-26 07:51:00.491000,109057.85,0.02
2025-09-26 07:51:00.491000,109057.85,0.04
2025-09-26 07:51:00.491000,109057.85,0.08
2025-09-26 07:51:00.491000,109057.85,0.00025
2025-09-26 07:51:00.491000,109057.85,5e-05
2025-09-26 07:51:00.491000,109057.85,0.027
2025-09-26 07:51:00.491000,109057.85,0.0313
2025-09-26 07:51:00.491000,109057.85,0.09978
2025-09-26 07:51:00.491000,109057.85,0.00045
2025-09-26 07:51:00.491000,109057.85,0.0007
2025-09-26 07:51:00.491000,109057.85,0.07949
2025-09-26 07:51:00.683000,109057.85,0.00069
2025-09-26 07:51:00.683000,109057.85,0.00117
2025-09-26 07:51:01.080000,109057.84,0.00028
2025-09-26 07:51:01.126000,109057.84,9e-05
2025-09-26 07:51:01.228000,109057.84,0.00017
2025-09-26 07:51:01.567000,109057.85,0.0001
2025-09-26 07:51:01.567000,109057.85,0.0402
2025-09-26 07:51:01.567000,109057.85,5e-05
2025-09-26 07:51:01.567000,109057.85,0.01712
2025-09-26 07:51:01.859000,109057.85,0.14288
2025-09-26 07:51:01.859000,109057.85,5e-05
2025-09-26 07:51:01.859000,109057.85,5e-05
2025-09-26 07:51:01.859000,109057.85,5e-05
2025-09-26 07:51:01.859000,109057.85,5e-05
2025-09-26 07:51:01.859000,109057.85,0.32
2025-09-26 07:51:01.859000,109057.85,0.04
2025-09-26 07:51:01.859000,109057.85,5e-05
2025-09-26 07:51:01.859000,109057.85,0.02
2025-09-26 07:51:01.859000,109057.85,0.08
2025-09-26 07:51:01.859000,109057.85,0.0113
2025-09-26 07:51:01.859000,109057.85,0.0009
2025-09-26 07:51:01.859000,109057.85,0.001
2025-09-26 07:51:01.859000,109057.85,0.0599
2025-09-26 07:51:01.859000,109057.85,0.26369
2025-09-26 07:51:01.859000,109057.85,0.4393
2025-09-26 07:51:01.859000,109057.85,0.5058
2025-09-26 07:51:01.859000,109057.85,0.50993
2025-09-26 07:51:02.461000,109057.84,0.00568
2025-09-26 07:51:02.696000,109057.85,0.0001
2025-09-26 07:51:02.696000,109057.85,5e-05
2025-09-26 07:51:02.696000,109057.85,0.01421
2025-09-26 07:51:02.779000,109057.85,0.03581
2025-09-26 07:51:03.177000,109057.85,0.00045
2025-09-26 07:51:03.436000,109057.84,0.00052
2025-09-26 07:51:03.564000,109057.84,0.027
2025-09-26 07:51:03.566000,109057.84,0.001
2025-09-26 07:51:03.666000,109057.84,9e-05
2025-09-26 07:51:03.698000,109057.85,0.01216
2025-09-26 07:51:03.774000,109057.85,0.01657
2025-09-26 07:51:03.966000,109057.85,0.03313
2025-09-26 07:51:03.976000,109057.85,0.07442
2025-09-26 07:51:03.976000,109057.85,0.08041
2025-09-26 07:51:03.976000,109057.85,5e-05
2025-09-26 07:51:03.976000,109057.85,5e-05
2025-09-26 07:51:03.976000,109057.85,5e-05
2025-09-26 07:51:03.976000,109057.85,0.10543
2025-09-26 07:51:04.024000,109057.85,7e-05
2025-09-26 07:51:04.064000,109057.85,0.00023
2025-09-26 07:51:04.223000,109057.85,0.0001
2025-09-26 07:51:04.952000,109057.84,0.02898
2025-09-26 07:51:05.189000,109057.84,0.00025
2025-09-26 07:51:05.662000,109057.84,0.00025
2025-09-26 07:51:05.692000,109057.84,0.00025
2025-09-26 07:51:05.772000,109057.85,0.02873
2025-09-26 07:51:05.903000,109057.84,0.00025
2025-09-26 07:51:06.027000,109057.84,0.00124
2025-09-26 07:51:06.592000,109057.85,0.18544
2025-09-26 07:51:06.592000,109057.85,0.02
2025-09-26 07:51:06.592000,109057.85,0.04
2025-09-26 07:51:06.592000,109057.85,0.16
2025-09-26 07:51:06.592000,109057.85,0.00727
2025-09-26 07:51:06.776000,109057.85,0.01437
2025-09-26 07:51:06.810000,109057.85,0.00855
2025-09-26 07:51:07.268000,109057.85,0.00033
2025-09-26 07:51:07.692000,109057.85,0.04948
2025-09-26 07:51:07.692000,109057.85,0.00018
2025-09-26 07:51:07.692000,109057.85,0.0009
2025-09-26 07:51:07.692000,109057.85,0.00947
2025-09-26 07:51:07.692000,109057.85,0.0001
2025-09-26 07:51:07.692000,109057.85,5e-05
2025-09-26 07:51:07.692000,109057.85,0.00115
2025-09-26 07:51:07.692000,109057.85,0.07185
2025-09-26 07:51:07.692000,109057.85,0.0002
2025-09-26 07:51:07.692000,109057.85,0.00014
2025-09-26 07:51:07.692000,109057.85,0.00012
2025-09-26 07:51:07.692000,109057.85,5e-05
2025-09-26 07:51:07.692000,109057.85,5e-05
2025-09-26 07:51:07.692000,109057.85,5e-05
2025-09-26 07:51:07.692000,109057.85,5e-05
2025-09-26 07:51:07.692000,109057.85,5e-05
2025-09-26 07:51:07.692000,109057.85,0.027
2025-09-26 07:51:07.692000,109057.85,0.0009
2025-09-26 07:51:07.692000,109057.85,0.09862
2025-09-26 07:51:07.702000,109057.84,9e-05
2025-09-26 07:51:07.705000,109057.85,0.03313
2025-09-26 07:51:07.773000,109057.85,0.00044
2025-09-26 07:51:08.575000,109057.84,0.027
2025-09-26 07:51:08.577000,109057.84,0.001
2025-09-26 07:51:08.661000,109057.85,0.0182
2025-09-26 07:51:08.735000,109057.85,0.05745
2025-09-26 07:51:08.960000,109057.84,9e-05
2025-09-26 07:51:09.119000,109057.85,0.00821
2025-09-26 07:51:09.340000,109057.85,0.00069
2025-09-26 07:51:09.340000,109057.85,0.00068
2025-09-26 07:51:09.340000,109057.85,6e-05
2025-09-26 07:51:09.340000,109057.85,5e-05
2025-09-26 07:51:09.340000,109057.85,0.00069
2025-09-26 07:51:09.340000,109057.85,0.02656
2025-09-26 07:51:10.537000,109057.84,5e-05
2025-09-26 07:51:10.584000,109057.85,6e-05
2025-09-26 07:51:10.774000,109057.85,0.0431
2025-09-26 07:51:11.421000,109057.84,0.0009
2025-09-26 07:51:11.539000,109057.85,0.03313
2025-09-26 07:51:11.570000,109057.85,0.02873
2025-09-26 07:51:11.584000,109057.85,0.21498
2025-09-26 07:51:11.584000,109057.85,0.16
2025-09-26 07:51:11.584000,109057.85,0.03313
2025-09-26 07:51:11.746000,109057.85,0.00687
2025-09-26 07:51:11.746000,109057.85,0.02
2025-09-26 07:51:11.746000,109057.85,0.0001
2025-09-26 07:51:11.746000,109057.85,5e-05
2025-09-26 07:51:11.746000,109057.85,0.08
2025-09-26 07:51:11.746000,109057.85,5e-05
2025-09-26 07:51:11.746000,109057.85,5e-05
2025-09-26 07:51:11.746000,109057.85,5e-05
2025-09-26 07:51:11.746000,109057.85,0.00085
2025-09-26 07:51:11.746000,109057.85,5e-05
2025-09-26 07:51:11.746000,109057.85,0.0606
2025-09-26 07:51:11.746000,109057.85,5e-05
2025-09-26 07:51:11.746000,109057.85,5e-05
2025-09-26 07:51:11.746000,109057.85,0.09175
2025-09-26 07:51:12.020000,109057.85,0.22825
2025-09-26 07:51:12.020000,109057.85,0.16
2025-09-26 07:51:12.020000,109057.85,5e-05
2025-09-26 07:51:12.020000,109057.85,5e-05
2025-09-26 07:51:12.020000,109057.85,0.0001
2025-09-26 07:51:12.020000,109057.85,5e-05
2025-09-26 07:51:12.020000,109057.85,0.04
2025-09-26 07:51:12.020000,109057.85,0.02
2025-09-26 07:51:12.020000,109057.85,5e-05
2025-09-26 07:51:12.020000,109057.85,5e-05
2025-09-26 07:51:12.020000,109057.85,0.08
2025-09-26 07:51:12.020000,109057.85,5e-05
2025-09-26 07:51:12.020000,109057.85,0.00022
2025-09-26 07:51:12.020000,109057.86,5e-05
2025-09-26 07:51:12.020000,109057.86,5e-05
2025-09-26 07:51:12.020000,109057.86,5e-05
2025-09-26 07:51:12.020000,109057.86,5e-05
2025-09-26 07:51:12.020000,109057.86,5e-05
2025-09-26 07:51:12.020000,109057.86,5e-05
2025-09-26 07:51:12.020000,109057.86,5e-05
2025-09-26 07:51:12.020000,109057.86,5e-05
2025-09-26 07:51:12.020000,109057.86,5e-05
2025-09-26 07:51:12.020000,109057.86,5e-05
2025-09-26 07:51:12.020000,109057.86,5e-05
2025-09-26 07:51:12.020000,109057.86,5e-05
2025-09-26 07:51:12.020000,109057.86,5e-05
2025-09-26 07:51:12.020000,109057.86,5e-05
2025-09-26 07:51:12.020000,109057.87,0.0001
2025-09-26 07:51:12.020000,109057.93,0.0001
2025-09-26 07:51:12.020000,109058.81,5e-05
2025-09-26 07:51:12.020000,109059.01,5e-05
2025-09-26 07:51:12.020000,109059.22,5e-05
2025-09-26 07:51:12.020000,109059.22,5e-05
2025-09-26 07:51:12.020000,109059.22,5e-05
2025-09-26 07:51:12.020000,109059.23,0.03227
2025-09-26 07:51:12.020000,109059.23,0.0001
2025-09-26 07:51:12.020000,109059.23,5e-05
2025-09-26 07:51:12.020000,109059.23,5e-05
2025-09-26 07:51:12.020000,109059.24,0.0001
2025-09-26 07:51:12.020000,109059.48,0.00092
2025-09-26 07:51:12.020000,109059.91,5e-05
2025-09-26 07:51:12.020000,109059.99,0.0001
2025-09-26 07:51:12.020000,109060.0,5e-05
2025-09-26 07:51:12.020000,109061.5,0.0001
2025-09-26 07:51:12.020000,109061.51,5e-05
2025-09-26 07:51:12.020000,109061.51,5e-05
2025-09-26 07:51:12.020000,109061.51,5e-05
2025-09-26 07:51:12.020000,109061.52,0.04
2025-09-26 07:51:12.020000,109061.52,5e-05
2025-09-26 07:51:12.020000,109061.52,5e-05
2025-09-26 07:51:12.020000,109061.52,0.0001
2025-09-26 07:51:12.020000,109061.71,0.0001
2025-09-26 07:51:12.020000,109061.72,5e-05
2025-09-26 07:51:12.020000,109061.74,5e-05
2025-09-26 07:51:12.020000,109062.38,5e-05
2025-09-26 07:51:12.020000,109062.38,5e-05
2025-09-26 07:51:12.020000,109062.38,5e-05
2025-09-26 07:51:12.020000,109062.39,0.2318
2025-09-26 07:51:12.020000,109062.39,0.0931
2025-09-26 07:51:12.020000,109062.39,5e-05
2025-09-26 07:51:12.020000,109062.39,5e-05
2025-09-26 07:51:12.020000,109063.19,5e-05
2025-09-26 07:51:12.020000,109063.28,6e-05
2025-09-26 07:51:12.020000,109063.56,0.00917
2025-09-26 07:51:12.020000,109063.56,0.00917
2025-09-26 07:51:12.020000,109063.56,5e-05
2025-09-26 07:51:12.020000,109063.56,5e-05
2025-09-26 07:51:12.020000,109064.0,0.00173
2025-09-26 07:51:12.021000,109064.0,0.00027
2025-09-26 07:51:12.021000,109064.0,0.03938
2025-09-26 07:51:12.021000,109064.0,0.03965
2025-09-26 07:51:12.022000,109064.0,0.03965
2025-09-26 07:51:12.022000,109064.0,0.03965
2025-09-26 07:51:12.024000,109063.99,0.02772
2025-09-26 07:51:12.072000,109064.0,0.00022
2025-09-26 07:51:12.516000,109063.99,8e-05
2025-09-26 07:51:12.894000,109063.99,0.0126
2025-09-26 07:51:13.063000,109064.0,0.1121
2025-09-26 07:51:13.063000,109064.0,0.00154
2025-09-26 07:51:13.063000,109064.0,0.00178
2025-09-26 07:51:13.063000,109064.0,0.11094
2025-09-26 07:51:13.063000,109064.0,0.00223
2025-09-26 07:51:13.063000,109064.0,5e-05
2025-09-26 07:51:13.063000,109064.0,5e-05
2025-09-26 07:51:13.063000,109064.0,5e-05
2025-09-26 07:51:13.063000,109064.0,5e-05
2025-09-26 07:51:13.063000,109064.0,1.21615
2025-09-26 07:51:13.544000,109064.0,0.02873
2025-09-26 07:51:13.566000,109063.99,8e-05
2025-09-26 07:51:13.571000,109063.99,0.00017
2025-09-26 07:51:13.586000,109063.99,0.027
2025-09-26 07:51:14.032000,109063.99,8e-05
2025-09-26 07:51:14.238000,109063.99,9e-05
2025-09-26 07:51:15.218000,109064.0,0.03512
2025-09-26 07:51:15.218000,109064.0,0.22536
2025-09-26 07:51:15.240000,109064.0,0.03313
2025-09-26 07:51:15.771000,109064.0,0.02873
2025-09-26 07:51:16.082000,109063.99,0.00029
2025-09-26 07:51:16.124000,109063.99,5e-05
2025-09-26 07:51:16.780000,109064.0,0.01931
2025-09-26 07:51:17.023000,109064.0,0.00016
2025-09-26 07:51:17.115000,109063.99,8e-05
2025-09-26 07:51:17.434000,109064.0,0.00942
2025-09-26 07:51:17.514000,109063.99,0.054
2025-09-26 07:51:18.367000,109064.0,0.01652
2025-09-26 07:51:18.409000,109064.0,0.00207
2025-09-26 07:51:18.597000,109063.99,0.027
2025-09-26 07:51:18.599000,109063.99,0.002
2025-09-26 07:51:18.983000,109064.0,0.26041
2025-09-26 07:51:18.987000,109064.0,0.03313
2025-09-26 07:51:19.014000,109064.0,0.00186
2025-09-26 07:51:19.497000,109064.0,0.00054
2025-09-26 07:51:19.664000,109063.99,0.01843
2025-09-26 07:51:19.709000,109064.0,0.02802
2025-09-26 07:51:19.779000,109064.0,0.028
2025-09-26 07:51:20.068000,109064.0,0.0002
2025-09-26 07:51:20.122000,109064.0,0.00184
2025-09-26 07:51:20.392000,109064.0,0.00342
2025-09-26 07:51:20.573000,109064.0,0.00024
2025-09-26 07:51:20.703000,109064.0,0.02586
2025-09-26 07:51:20.771000,109064.0,0.00254
2025-09-26 07:51:20.793000,109064.0,0.00064
2025-09-26 07:51:20.810000,109064.0,0.00221
2025-09-26 07:51:21.433000,109063.99,0.00427
2025-09-26 07:51:21.508000,109064.0,0.00532
2025-09-26 07:51:21.571000,109064.0,0.43107
2025-09-26 07:51:21.571000,109064.0,0.47414
2025-09-26 07:51:21.587000,109064.0,0.359
2025-09-26 07:51:21.858000,109064.0,0.44686
2025-09-26 07:51:21.858000,109064.0,0.64
2025-09-26 07:51:21.858000,109064.0,1.2
2025-09-26 07:51:21.858000,109064.0,5e-05
2025-09-26 07:51:21.858000,109064.0,0.00045
2025-09-26 07:51:21.858000,109064.0,5e-05
2025-09-26 07:51:21.858000,109064.0,5e-05
2025-09-26 07:51:21.858000,109064.0,0.00072
2025-09-26 07:51:21.858000,109064.0,0.0001
2025-09-26 07:51:21.858000,109064.0,0.00164
2025-09-26 07:51:21.858000,109064.0,0.00013
2025-09-26 07:51:21.858000,109064.0,0.1
2025-09-26 07:51:21.858000,109064.0,5e-05
2025-09-26 07:51:21.858000,109064.0,0.00036
2025-09-26 07:51:21.858000,109064.0,0.00449
2025-09-26 07:51:22.080000,109063.99,7e-05
2025-09-26 07:51:22.321000,109063.99,8e-05
2025-09-26 07:51:22.370000,109064.0,0.19785
2025-09-26 07:51:22.549000,109064.0,0.04584
2025-09-26 07:51:22.708000,109064.0,0.26041
2025-09-26 07:51:22.717000,109064.0,0.03313
2025-09-26 07:51:22.783000,109063.99,0.00013
2025-09-26 07:51:23.469000,109063.99,0.28442
2025-09-26 07:51:23.469000,109063.99,0.0004
2025-09-26 07:51:23.469000,109063.99,0.96479
2025-09-26 07:51:23.469000,109063.99,1.75039
2025-09-26 07:51:23.608000,109063.99,0.0008
2025-09-26 07:51:23.608000,109063.99,0.00587
2025-09-26 07:51:23.608000,109063.99,0.02033
2025-09-26 07:51:24.253000,109064.0,0.00018
2025-09-26 07:51:24.484000,109064.0,9e-05
2025-09-26 07:51:24.537000,109063.99,9e-05
2025-09-26 07:51:25.324000,109063.99,8e-05
2025-09-26 07:51:25.632000,109063.99,0.00115
2025-09-26 07:51:25.682000,109063.99,0.00114
2025-09-26 07:51:25.794000,109063.99,6e-05
2025-09-26 07:51:25.952000,109064.0,0.00023
2025-09-26 07:51:26.278000,109063.99,8e-05
2025-09-26 07:51:26.450000,109064.0,0.03313
2025-09-26 07:51:26.580000,109064.0,0.26041
2025-09-26 07:51:26.591000,109064.0,0.31874
2025-09-26 07:51:26.597000,109064.0,0.23209
2025-09-26 07:51:26.706000,109064.0,0.01176
2025-09-26 07:51:26.772000,109064.0,0.01545
2025-09-26 07:51:26.888000,109063.99,0.00024
2025-09-26 07:51:26.907000,109063.99,0.01233
2025-09-26 07:51:27.107000,109064.0,0.03125
2025-09-26 07:51:27.109000,109064.0,0.15495
2025-09-26 07:51:27.109000,109064.0,0.00014
2025-09-26 07:51:27.109000,109064.0,0.00018
2025-09-26 07:51:27.109000,109064.0,5e-05
2025-09-26 07:51:27.109000,109064.0,5e-05
2025-09-26 07:51:27.109000,109064.0,5e-05
2025-09-26 07:51:27.109000,109064.0,5e-05
2025-09-26 07:51:27.109000,109064.0,5e-05
2025-09-26 07:51:27.109000,109064.0,5e-05
2025-09-26 07:51:27.109000,109064.0,0.00028
2025-09-26 07:51:27.109000,109064.0,0.0003
2025-09-26 07:51:27.109000,109064.0,0.00012
2025-09-26 07:51:27.109000,109064.0,5e-05
2025-09-26 07:51:27.109000,109064.0,5e-05
2025-09-26 07:51:27.109000,109064.0,0.07648
2025-09-26 07:51:27.139000,109064.0,0.08352
2025-09-26 07:51:27.139000,109064.0,5e-05
2025-09-26 07:51:27.139000,109064.0,5e-05
2025-09-26 07:51:27.139000,109064.0,0.0001
2025-09-26 07:51:27.139000,109064.0,5e-05
2025-09-26 07:51:27.139000,109064.0,0.00234
2025-09-26 07:51:27.139000,109064.0,5e-05
2025-09-26 07:51:27.139000,109064.0,0.01829
2025-09-26 07:51:27.157000,109064.0,0.0108
2025-09-26 07:51:27.157000,109064.0,0.29091
2025-09-26 07:51:27.157000,109064.0,0.69969
2025-09-26 07:51:27.157000,109064.0,0.58031
2025-09-26 07:51:27.157000,109064.0,0.08
2025-09-26 07:51:27.157000,109064.0,0.00045
2025-09-26 07:51:27.157000,109064.0,5e-05
2025-09-26 07:51:27.157000,109064.0,5e-05
2025-09-26 07:51:27.157000,109064.0,0.00017
2025-09-26 07:51:27.157000,109064.0,0.1
2025-09-26 07:51:27.157000,109064.0,0.0606
2025-09-26 07:51:27.157000,109064.0,0.00321
2025-09-26 07:51:27.157000,109064.0,0.00142
2025-09-26 07:51:27.157000,109064.0,5e-05
2025-09-26 07:51:27.157000,109064.0,5e-05
2025-09-26 07:51:27.157000,109064.0,5e-05
2025-09-26 07:51:27.157000,109064.0,5e-05
2025-09-26 07:51:27.157000,109064.0,5e-05
2025-09-26 07:51:27.157000,109064.0,5e-05
2025-09-26 07:51:27.157000,109064.0,5e-05
2025-09-26 07:51:27.157000,109064.0,5e-05
2025-09-26 07:51:27.157000,109064.0,0.00014
2025-09-26 07:51:27.157000,109064.0,5e-05
2025-09-26 07:51:27.157000,109064.0,0.16
2025-09-26 07:51:27.157000,109064.0,0.0001
2025-09-26 07:51:27.157000,109064.0,5e-05
2025-09-26 07:51:27.157000,109064.0,5e-05
2025-09-26 07:51:27.157000,109064.0,5e-05
2025-09-26 07:51:27.157000,109064.01,5e-05
2025-09-26 07:51:27.157000,109064.01,5e-05
2025-09-26 07:51:27.157000,109064.01,5e-05
2025-09-26 07:51:27.157000,109064.01,5e-05
2025-09-26 07:51:27.157000,109064.01,5e-05
2025-09-26 07:51:27.157000,109064.01,5e-05
2025-09-26 07:51:27.157000,109064.01,5e-05
2025-09-26 07:51:27.157000,109064.01,5e-05
2025-09-26 07:51:27.157000,109064.01,5e-05
2025-09-26 07:51:27.157000,109064.01,5e-05
2025-09-26 07:51:27.157000,109064.01,5e-05
2025-09-26 07:51:27.157000,109064.02,0.0001
2025-09-26 07:51:27.157000,109064.08,0.0001
2025-09-26 07:51:27.160000,109064.98,0.0087
2025-09-26 07:51:27.160000,109064.98,0.0001
2025-09-26 07:51:27.160000,109064.98,5e-05
2025-09-26 07:51:27.160000,109064.98,5e-05
2025-09-26 07:51:27.160000,109064.99,0.0001
2025-09-26 07:51:27.160000,109064.99,0.0001
2025-09-26 07:51:27.160000,109066.56,6e-05
2025-09-26 07:51:27.160000,109066.7,5e-05
2025-09-26 07:51:27.160000,109066.7,5e-05
2025-09-26 07:51:27.160000,109066.7,5e-05
2025-09-26 07:51:27.160000,109066.71,5e-05
2025-09-26 07:51:27.160000,109066.71,5e-05
2025-09-26 07:51:27.160000,109066.71,0.0001
2025-09-26 07:51:27.160000,109066.71,5e-05
2025-09-26 07:51:27.160000,109066.71,5e-05
2025-09-26 07:51:27.160000,109066.71,5e-05
2025-09-26 07:51:27.160000,109066.72,0.04019
2025-09-26 07:51:27.160000,109066.72,5e-05
2025-09-26 07:51:27.160000,109066.72,5e-05
2025-09-26 07:51:27.160000,109066.72,0.0001
2025-09-26 07:51:27.160000,109066.9,0.00182
2025-09-26 07:51:27.160000,109067.34,5e-05
2025-09-26 07:51:27.160000,109067.58,5e-05
2025-09-26 07:51:27.160000,109067.58,5e-05
2025-09-26 07:51:27.160000,109067.58,5e-05
2025-09-26 07:51:27.160000,109067.59,0.08512
2025-09-26 07:51:27.160000,109067.59,5e-05
2025-09-26 07:51:27.160000,109067.59,5e-05
2025-09-26 07:51:27.160000,109067.71,5e-05
2025-09-26 07:51:27.160000,109067.71,5e-05
2025-09-26 07:51:27.160000,109067.71,5e-05
2025-09-26 07:51:27.160000,109067.72,5e-05
2025-09-26 07:51:27.160000,109067.72,5e-05
2025-09-26 07:51:27.160000,109067.98,0.0015
2025-09-26 07:51:27.160000,109068.0,0.002
2025-09-26 07:51:27.160000,109068.0,0.0002
2025-09-26 07:51:27.160000,109068.0,0.0002
2025-09-26 07:51:27.160000,109068.0,0.00015
2025-09-26 07:51:27.166000,109069.0,0.00377
2025-09-26 07:51:27.166000,109069.0,5e-05
2025-09-26 07:51:27.166000,109069.01,5e-05
2025-09-26 07:51:27.166000,109069.06,5e-05
2025-09-26 07:51:27.166000,109069.06,5e-05
2025-09-26 07:51:27.166000,109069.06,5e-05
2025-09-26 07:51:27.166000,109069.07,0.00916
2025-09-26 07:51:27.166000,109069.07,0.00916
2025-09-26 07:51:27.166000,109069.07,5e-05
2025-09-26 07:51:27.166000,109069.07,5e-05
2025-09-26 07:51:27.166000,109069.36,0.03373
2025-09-26 07:51:27.166000,109069.84,6e-05
2025-09-26 07:51:27.166000,109069.92,5e-05
2025-09-26 07:51:27.166000,109069.99,0.0001
2025-09-26 07:51:27.166000,109070.81,0.0001
2025-09-26 07:51:27.170000,109071.53,5e-05
2025-09-26 07:51:27.170000,109071.53,5e-05
2025-09-26 07:51:27.170000,109071.53,5e-05
2025-09-26 07:51:27.170000,109071.54,5e-05
2025-09-26 07:51:27.177000,109071.73,5e-05
2025-09-26 07:51:27.177000,109071.73,5e-05
2025-09-26 07:51:27.177000,109072.0,0.002
2025-09-26 07:51:27.177000,109072.0,0.0002
2025-09-26 07:51:27.177000,109072.0,0.0002
2025-09-26 07:51:27.177000,109072.0,0.00015
2025-09-26 07:51:27.177000,109072.06,0.0001
2025-09-26 07:51:27.177000,109072.36,0.0015
2025-09-26 07:51:27.177000,109072.64,5e-05
2025-09-26 07:51:27.177000,109072.67,0.00797
2025-09-26 07:51:27.181000,109072.67,0.00102
2025-09-26 07:51:27.181000,109072.67,0.00815
2025-09-26 07:51:27.201000,109072.67,5e-05
2025-09-26 07:51:27.201000,109072.67,5e-05
2025-09-26 07:51:27.201000,109072.67,5e-05
2025-09-26 07:51:27.201000,109072.67,5e-05
2025-09-26 07:51:27.201000,109072.67,5e-05
2025-09-26 07:51:27.201000,109072.67,5e-05
2025-09-26 07:51:27.201000,109072.67,5e-05
2025-09-26 07:51:27.201000,109072.67,5e-05
2025-09-26 07:51:27.201000,109072.67,5e-05
2025-09-26 07:51:27.201000,109072.67,5e-05
2025-09-26 07:51:27.201000,109072.67,5e-05
2025-09-26 07:51:27.201000,109072.67,5e-05
2025-09-26 07:51:27.201000,109072.67,5e-05
2025-09-26 07:51:27.201000,109072.67,5e-05
2025-09-26 07:51:27.201000,109072.67,5e-05
2025-09-26 07:51:27.201000,109072.67,5e-05
2025-09-26 07:51:27.201000,109072.67,5e-05
2025-09-26 07:51:27.201000,109072.67,5e-05
2025-09-26 07:51:27.201000,109072.67,0.02
2025-09-26 07:51:27.201000,109072.67,5e-05
2025-09-26 07:51:27.201000,109072.67,5e-05
2025-09-26 07:51:27.201000,109072.67,5e-05
2025-09-26 07:51:27.201000,109072.67,5e-05
2025-09-26 07:51:27.201000,109072.67,5e-05
2025-09-26 07:51:27.201000,109072.67,5e-05
2025-09-26 07:51:27.201000,109072.67,0.03168
2025-09-26 07:51:27.208000,109072.67,0.12832
2025-09-26 07:51:27.208000,109072.67,0.00726
2025-09-26 07:51:27.222000,109072.67,0.02292
2025-09-26 07:51:27.240000,109072.67,0.01708
2025-09-26 07:51:27.240000,109072.67,5e-05
2025-09-26 07:51:27.240000,109072.67,5e-05
2025-09-26 07:51:27.240000,109072.67,5e-05
2025-09-26 07:51:27.240000,109072.67,5e-05
2025-09-26 07:51:27.240000,109072.67,5e-05
2025-09-26 07:51:27.240000,109072.67,5e-05
2025-09-26 07:51:27.240000,109072.67,5e-05
2025-09-26 07:51:27.240000,109072.67,5e-05
2025-09-26 07:51:27.240000,109072.67,0.0001
2025-09-26 07:51:27.240000,109072.67,5e-05
2025-09-26 07:51:27.240000,109072.67,5e-05
2025-09-26 07:51:27.240000,109072.67,5e-05
2025-09-26 07:51:27.240000,109072.67,5e-05
2025-09-26 07:51:27.240000,109072.67,5e-05
2025-09-26 07:51:27.240000,109072.67,5e-05
2025-09-26 07:51:27.240000,109072.67,5e-05
2025-09-26 07:51:27.240000,109072.67,5e-05
2025-09-26 07:51:27.240000,109072.67,5e-05
2025-09-26 07:51:27.240000,109072.67,5e-05
2025-09-26 07:51:27.240000,109072.67,5e-05
2025-09-26 07:51:27.240000,109072.67,5e-05
2025-09-26 07:51:27.240000,109072.67,5e-05
2025-09-26 07:51:27.240000,109072.67,5e-05
2025-09-26 07:51:27.240000,109072.67,0.00069
2025-09-26 07:51:27.240000,109072.67,5e-05
2025-09-26 07:51:27.240000,109072.67,5e-05
2025-09-26 07:51:27.240000,109072.67,5e-05
2025-09-26 07:51:27.240000,109072.67,5e-05
2025-09-26 07:51:27.240000,109072.67,0.00121
2025-09-26 07:51:27.249000,109072.67,0.00208
2025-09-26 07:51:27.249000,109072.67,0.0007
2025-09-26 07:51:27.249000,109072.67,0.0001
2025-09-26 07:51:27.249000,109072.67,5e-05
2025-09-26 07:51:27.249000,109072.67,5e-05
2025-09-26 07:51:27.249000,109072.67,5e-05
2025-09-26 07:51:27.249000,109072.67,5e-05
2025-09-26 07:51:27.249000,109072.67,5e-05
2025-09-26 07:51:27.249000,109072.68,5e-05
2025-09-26 07:51:27.249000,109072.68,5e-05
2025-09-26 07:51:27.249000,109072.68,5e-05
2025-09-26 07:51:27.249000,109072.68,5e-05
2025-09-26 07:51:27.249000,109072.68,5e-05
2025-09-26 07:51:27.249000,109072.68,5e-05
2025-09-26 07:51:27.249000,109072.68,5e-05
2025-09-26 07:51:27.249000,109072.68,5e-05
2025-09-26 07:51:27.249000,109072.68,5e-05
2025-09-26 07:51:27.249000,109072.68,5e-05
2025-09-26 07:51:27.249000,109072.68,5e-05
2025-09-26 07:51:27.249000,109072.68,5e-05
2025-09-26 07:51:27.249000,109072.68,5e-05
2025-09-26 07:51:27.249000,109072.68,5e-05
2025-09-26 07:51:27.249000,109072.68,5e-05
2025-09-26 07:51:27.249000,109072.68,5e-05
2025-09-26 07:51:27.249000,109072.68,5e-05
2025-09-26 07:51:27.249000,109072.68,5e-05
2025-09-26 07:51:27.249000,109072.69,0.0001
2025-09-26 07:51:27.249000,109072.96,5e-05
2025-09-26 07:51:27.249000,109073.12,6e-05
2025-09-26 07:51:27.268000,109074.56,5e-05
2025-09-26 07:51:27.268000,109074.56,5e-05
2025-09-26 07:51:27.268000,109074.56,5e-05
2025-09-26 07:51:27.268000,109074.56,5e-05
2025-09-26 07:51:27.268000,109074.56,5e-05
2025-09-26 07:51:27.268000,109074.56,5e-05
2025-09-26 07:51:27.268000,109074.56,5e-05
2025-09-26 07:51:27.268000,109074.56,5e-05
2025-09-26 07:51:27.268000,109074.56,5e-05
2025-09-26 07:51:27.268000,109074.56,5e-05
2025-09-26 07:51:27.268000,109074.56,5e-05
2025-09-26 07:51:27.268000,109074.56,5e-05
2025-09-26 07:51:27.268000,109074.56,5e-05
2025-09-26 07:51:27.268000,109074.56,5e-05
2025-09-26 07:51:27.268000,109074.56,5e-05
2025-09-26 07:51:27.268000,109074.56,5e-05
2025-09-26 07:51:27.268000,109074.56,5e-05
2025-09-26 07:51:27.268000,109074.56,5e-05
2025-09-26 07:51:27.268000,109074.56,5e-05
2025-09-26 07:51:27.268000,109074.56,5e-05
2025-09-26 07:51:27.268000,109074.56,5e-05
2025-09-26 07:51:27.268000,109074.56,5e-05
2025-09-26 07:51:27.268000,109074.56,5e-05
2025-09-26 07:51:27.268000,109074.56,0.0001
2025-09-26 07:51:27.268000,109074.56,5e-05
2025-09-26 07:51:27.268000,109074.56,0.02
2025-09-26 07:51:27.268000,109074.56,0.00162
2025-09-26 07:51:27.277000,109074.56,0.07838
2025-09-26 07:51:27.277000,109074.56,0.04619
2025-09-26 07:51:27.306000,109074.56,0.07542
2025-09-26 07:51:27.308000,109074.56,0.01245
2025-09-26 07:51:27.311000,109074.56,0.01046
2025-09-26 07:51:27.339000,109074.56,0.01548
2025-09-26 07:51:27.339000,109074.56,0.0001
2025-09-26 07:51:27.339000,109074.56,5e-05
2025-09-26 07:51:27.339000,109074.56,5e-05
2025-09-26 07:51:27.339000,109074.56,5e-05
2025-09-26 07:51:27.339000,109074.56,5e-05
2025-09-26 07:51:27.339000,109074.56,5e-05
2025-09-26 07:51:27.339000,109074.56,5e-05
2025-09-26 07:51:27.339000,109074.56,5e-05
2025-09-26 07:51:27.339000,109074.56,5e-05
2025-09-26 07:51:27.339000,109074.56,5e-05
2025-09-26 07:51:27.339000,109074.56,5e-05
2025-09-26 07:51:27.339000,109074.56,5e-05
2025-09-26 07:51:27.339000,109074.56,5e-05
2025-09-26 07:51:27.339000,109074.56,5e-05
2025-09-26 07:51:27.339000,109074.56,5e-05
2025-09-26 07:51:27.339000,109074.56,5e-05
2025-09-26 07:51:27.339000,109074.56,5e-05
2025-09-26 07:51:27.339000,109074.56,5e-05
2025-09-26 07:51:27.339000,109074.56,5e-05
2025-09-26 07:51:27.339000,109074.56,5e-05
2025-09-26 07:51:27.339000,109074.56,5e-05
2025-09-26 07:51:27.339000,109074.56,0.0492
2025-09-26 07:51:27.339000,109074.57,5e-05
2025-09-26 07:51:27.339000,109074.57,5e-05
2025-09-26 07:51:27.339000,109074.57,5e-05
2025-09-26 07:51:27.339000,109074.57,5e-05
2025-09-26 07:51:27.339000,109074.57,5e-05
2025-09-26 07:51:27.339000,109074.57,5e-05
2025-09-26 07:51:27.339000,109074.57,5e-05
2025-09-26 07:51:27.339000,109074.57,5e-05
2025-09-26 07:51:27.339000,109074.57,5e-05
2025-09-26 07:51:27.339000,109074.57,5e-05
2025-09-26 07:51:27.339000,109074.57,5e-05
2025-09-26 07:51:27.339000,109074.57,5e-05
2025-09-26 07:51:27.339000,109074.57,5e-05
2025-09-26 07:51:27.339000,109074.57,5e-05
2025-09-26 07:51:27.339000,109074.57,5e-05
2025-09-26 07:51:27.339000,109074.57,5e-05
2025-09-26 07:51:27.339000,109074.57,5e-05
2025-09-26 07:51:27.339000,109074.57,5e-05
2025-09-26 07:51:27.339000,109074.58,0.0001
2025-09-26 07:51:27.339000,109074.91,0.003
2025-09-26 07:51:27.339000,109074.91,0.0001
2025-09-26 07:51:27.339000,109074.92,0.0001
2025-09-26 07:51:27.339000,109074.95,5e-05
2025-09-26 07:51:27.339000,109074.95,5e-05
2025-09-26 07:51:27.339000,109074.95,5e-05
2025-09-26 07:51:27.339000,109074.96,0.0001
2025-09-26 07:51:27.339000,109074.96,5e-05
2025-09-26 07:51:27.339000,109074.96,5e-05
2025-09-26 07:51:27.339000,109074.99,0.0001
2025-09-26 07:51:27.384000,109075.75,5e-05
2025-09-26 07:51:27.384000,109075.75,5e-05
2025-09-26 07:51:27.384000,109075.75,5e-05
2025-09-26 07:51:27.384000,109075.75,5e-05
2025-09-26 07:51:27.384000,109075.75,5e-05
2025-09-26 07:51:27.384000,109075.75,5e-05
2025-09-26 07:51:27.384000,109075.75,5e-05
2025-09-26 07:51:27.384000,109075.75,5e-05
2025-09-26 07:51:27.384000,109075.75,5e-05
2025-09-26 07:51:27.384000,109075.75,5e-05
2025-09-26 07:51:27.384000,109075.75,5e-05
2025-09-26 07:51:27.384000,109075.75,5e-05
2025-09-26 07:51:27.384000,109075.75,5e-05
2025-09-26 07:51:27.384000,109075.75,5e-05
2025-09-26 07:51:27.384000,109075.75,5e-05
2025-09-26 07:51:27.384000,109075.75,5e-05
2025-09-26 07:51:27.384000,109075.75,5e-05
2025-09-26 07:51:27.384000,109075.75,5e-05
2025-09-26 07:51:27.384000,109075.75,5e-05
2025-09-26 07:51:27.384000,109075.75,5e-05
2025-09-26 07:51:27.384000,109075.75,0.0001
2025-09-26 07:51:27.384000,109075.75,5e-05
2025-09-26 07:51:27.384000,109075.75,5e-05
2025-09-26 07:51:27.384000,109075.75,5e-05
2025-09-26 07:51:27.384000,109075.75,5e-05
2025-09-26 07:51:27.384000,109075.75,5e-05
2025-09-26 07:51:27.384000,109075.75,5e-05
2025-09-26 07:51:27.384000,109075.76,0.04
2025-09-26 07:51:27.384000,109075.76,5e-05
2025-09-26 07:51:27.384000,109075.76,5e-05
2025-09-26 07:51:27.384000,109075.76,5e-05
2025-09-26 07:51:27.384000,109075.76,5e-05
2025-09-26 07:51:27.384000,109075.76,5e-05
2025-09-26 07:51:27.384000,109075.76,5e-05
2025-09-26 07:51:27.384000,109075.76,5e-05
2025-09-26 07:51:27.384000,109075.76,5e-05
2025-09-26 07:51:27.384000,109075.76,5e-05
2025-09-26 07:51:27.384000,109075.76,5e-05
2025-09-26 07:51:27.384000,109075.76,5e-05
2025-09-26 07:51:27.384000,109075.76,5e-05
2025-09-26 07:51:27.384000,109075.76,5e-05
2025-09-26 07:51:27.384000,109075.76,5e-05
2025-09-26 07:51:27.384000,109075.76,5e-05
2025-09-26 07:51:27.384000,109075.76,5e-05
2025-09-26 07:51:27.384000,109075.76,5e-05
2025-09-26 07:51:27.384000,109075.76,5e-05
2025-09-26 07:51:27.384000,109075.76,0.0001
2025-09-26 07:51:27.384000,109075.76,5e-05
2025-09-26 07:51:27.384000,109075.76,5e-05
2025-09-26 07:51:27.384000,109075.77,0.0001
2025-09-26 07:51:27.384000,109076.0,0.00156
2025-09-26 07:51:27.414000,109076.0,0.00044
2025-09-26 07:51:27.414000,109076.0,0.0002
2025-09-26 07:51:27.414000,109076.0,0.0002
2025-09-26 07:51:27.414000,109076.0,0.00015
2025-09-26 07:51:27.414000,109076.0,0.0001
2025-09-26 07:51:27.414000,109076.0,5e-05
2025-09-26 07:51:27.414000,109076.0,5e-05
2025-09-26 07:51:27.414000,109076.0,5e-05
2025-09-26 07:51:27.414000,109076.0,5e-05
2025-09-26 07:51:27.414000,109076.0,5e-05
2025-09-26 07:51:27.414000,109076.0,5e-05
2025-09-26 07:51:27.414000,109076.0,5e-05
2025-09-26 07:51:27.414000,109076.0,5e-05
2025-09-26 07:51:27.414000,109076.0,5e-05
2025-09-26 07:51:27.414000,109076.0,5e-05
2025-09-26 07:51:27.414000,109076.0,5e-05
2025-09-26 07:51:27.414000,109076.0,5e-05
2025-09-26 07:51:27.414000,109076.0,5e-05
2025-09-26 07:51:27.414000,109076.0,5e-05
2025-09-26 07:51:27.414000,109076.0,5e-05
2025-09-26 07:51:27.414000,109076.0,5e-05
2025-09-26 07:51:27.414000,109076.0,5e-05
2025-09-26 07:51:27.414000,109076.0,5e-05
2025-09-26 07:51:27.414000,109076.0,5e-05
2025-09-26 07:51:27.414000,109076.0,5e-05
2025-09-26 07:51:27.414000,109076.0,5e-05
2025-09-26 07:51:27.414000,109076.0,5e-05
2025-09-26 07:51:27.414000,109076.0,5e-05
2025-09-26 07:51:27.414000,109076.0,0.00015
2025-09-26 07:51:27.414000,109076.01,0.0001
2025-09-26 07:51:27.414000,109076.01,5e-05
2025-09-26 07:51:27.414000,109076.01,5e-05
2025-09-26 07:51:27.414000,109076.01,5e-05
2025-09-26 07:51:27.414000,109076.01,5e-05
2025-09-26 07:51:27.414000,109076.01,5e-05
2025-09-26 07:51:27.414000,109076.01,5e-05
2025-09-26 07:51:27.414000,109076.01,5e-05
2025-09-26 07:51:27.414000,109076.01,5e-05
2025-09-26 07:51:27.414000,109076.01,5e-05
2025-09-26 07:51:27.414000,109076.01,5e-05
2025-09-26 07:51:27.414000,109076.01,5e-05
2025-09-26 07:51:27.414000,109076.01,5e-05
2025-09-26 07:51:27.414000,109076.01,5e-05
2025-09-26 07:51:27.414000,109076.01,5e-05
2025-09-26 07:51:27.414000,109076.01,5e-05
2025-09-26 07:51:27.414000,109076.01,5e-05
2025-09-26 07:51:27.414000,109076.01,5e-05
2025-09-26 07:51:27.414000,109076.01,5e-05
2025-09-26 07:51:27.414000,109076.4,6e-05
2025-09-26 07:51:27.414000,109077.05,5e-05
2025-09-26 07:51:27.414000,109077.05,5e-05
2025-09-26 07:51:27.414000,109077.05,5e-05
2025-09-26 07:51:27.414000,109077.06,5e-05
2025-09-26 07:51:27.414000,109077.06,5e-05
2025-09-26 07:51:27.414000,109077.06,0.0001
2025-09-26 07:51:27.456000,109077.34,0.0001
2025-09-26 07:51:27.456000,109077.34,5e-05
2025-09-26 07:51:27.456000,109077.34,5e-05
2025-09-26 07:51:27.456000,109077.34,5e-05
2025-09-26 07:51:27.456000,109077.34,5e-05
2025-09-26 07:51:27.456000,109077.34,5e-05
2025-09-26 07:51:27.456000,109077.34,5e-05
2025-09-26 07:51:27.456000,109077.34,5e-05
2025-09-26 07:51:27.456000,109077.34,5e-05
2025-09-26 07:51:27.456000,109077.34,5e-05
2025-09-26 07:51:27.456000,109077.34,5e-05
2025-09-26 07:51:27.456000,109077.34,5e-05
2025-09-26 07:51:27.456000,109077.34,5e-05
2025-09-26 07:51:27.456000,109077.34,5e-05
2025-09-26 07:51:27.456000,109077.34,5e-05
2025-09-26 07:51:27.456000,109077.34,5e-05
2025-09-26 07:51:27.456000,109077.34,5e-05
2025-09-26 07:51:27.456000,109077.34,5e-05
2025-09-26 07:51:27.456000,109077.34,5e-05
2025-09-26 07:51:27.456000,109077.34,5e-05
2025-09-26 07:51:27.456000,109077.34,5e-05
2025-09-26 07:51:27.456000,109077.34,5e-05
2025-09-26 07:51:27.456000,109077.34,5e-05
2025-09-26 07:51:27.456000,109077.34,5e-05
2025-09-26 07:51:27.456000,109077.34,0.0008
2025-09-26 07:51:27.456000,109077.35,0.0001
2025-09-26 07:51:27.456000,109077.35,5e-05
2025-09-26 07:51:27.456000,109077.35,5e-05
2025-09-26 07:51:27.456000,109077.35,5e-05
2025-09-26 07:51:27.456000,109077.35,5e-05
2025-09-26 07:51:27.456000,109077.35,5e-05
2025-09-26 07:51:27.456000,109077.35,5e-05
2025-09-26 07:51:27.456000,109077.35,5e-05
2025-09-26 07:51:27.456000,109077.35,5e-05
2025-09-26 07:51:27.456000,109077.35,5e-05
2025-09-26 07:51:27.456000,109077.35,5e-05
2025-09-26 07:51:27.456000,109077.35,5e-05
2025-09-26 07:51:27.456000,109077.35,5e-05
2025-09-26 07:51:27.456000,109077.35,5e-05
2025-09-26 07:51:27.456000,109077.35,5e-05
2025-09-26 07:51:27.456000,109077.35,5e-05
2025-09-26 07:51:27.456000,109077.35,5e-05
2025-09-26 07:51:27.456000,109077.35,5e-05
2025-09-26 07:51:27.456000,109077.35,5e-05
2025-09-26 07:51:27.456000,109078.1,5e-05
2025-09-26 07:51:27.456000,109078.37,5e-05
2025-09-26 07:51:27.456000,109078.58,5e-05
2025-09-26 07:51:27.456000,109078.85,5e-05
2025-09-26 07:51:27.456000,109078.85,5e-05
2025-09-26 07:51:27.456000,109078.85,0.19751
2025-09-26 07:51:27.456000,109078.85,5e-05
2025-09-26 07:51:27.456000,109078.86,0.01356
2025-09-26 07:51:27.487000,109078.86,0.0805
2025-09-26 07:51:27.518000,109078.86,0.08407
2025-09-26 07:51:27.554000,109078.86,0.08428
2025-09-26 07:51:27.597000,109078.86,0.05759
2025-09-26 07:51:27.597000,109078.86,5e-05
2025-09-26 07:51:27.597000,109078.86,5e-05
2025-09-26 07:51:27.597000,109078.86,5e-05
2025-09-26 07:51:27.597000,109078.86,5e-05
2025-09-26 07:51:27.597000,109078.86,5e-05
2025-09-26 07:51:27.597000,109078.86,5e-05
2025-09-26 07:51:27.597000,109078.86,5e-05
2025-09-26 07:51:27.597000,109078.86,5e-05
2025-09-26 07:51:27.597000,109078.86,5e-05
2025-09-26 07:51:27.597000,109078.86,5e-05
2025-09-26 07:51:27.597000,109078.86,5e-05
2025-09-26 07:51:27.597000,109078.86,5e-05
2025-09-26 07:51:27.597000,109078.86,5e-05
2025-09-26 07:51:27.597000,109078.86,5e-05
2025-09-26 07:51:27.597000,109078.86,5e-05
2025-09-26 07:51:27.597000,109078.86,5e-05
2025-09-26 07:51:27.597000,109078.86,5e-05
2025-09-26 07:51:27.597000,109078.86,5e-05
2025-09-26 07:51:27.597000,109078.86,5e-05
2025-09-26 07:51:27.597000,109078.86,5e-05
2025-09-26 07:51:27.597000,109078.86,0.0254
2025-09-26 07:51:27.982000,109078.85,5e-05
2025-09-26 07:51:28.043000,109078.86,0.02956
2025-09-26 07:51:28.043000,109078.86,5e-05
2025-09-26 07:51:28.043000,109078.86,0.0001
2025-09-26 07:51:28.043000,109078.86,5e-05
2025-09-26 07:51:28.043000,109078.86,5e-05
2025-09-26 07:51:28.043000,109078.86,5e-05
2025-09-26 07:51:28.043000,109078.86,5e-05
2025-09-26 07:51:28.043000,109078.86,5e-05
2025-09-26 07:51:28.043000,109078.86,5e-05
2025-09-26 07:51:28.043000,109078.86,5e-05
2025-09-26 07:51:28.043000,109078.86,5e-05
2025-09-26 07:51:28.043000,109078.86,5e-05
2025-09-26 07:51:28.043000,109078.86,5e-05
2025-09-26 07:51:28.043000,109078.86,5e-05
2025-09-26 07:51:28.043000,109078.86,5e-05
2025-09-26 07:51:28.043000,109078.86,5e-05
2025-09-26 07:51:28.043000,109078.86,5e-05
2025-09-26 07:51:28.043000,109078.87,5e-05
2025-09-26 07:51:28.043000,109078.87,5e-05
2025-09-26 07:51:28.043000,109078.87,5e-05
2025-09-26 07:51:28.043000,109078.87,5e-05
2025-09-26 07:51:28.043000,109078.87,5e-05
2025-09-26 07:51:28.043000,109078.87,5e-05
2025-09-26 07:51:28.043000,109078.87,5e-05
2025-09-26 07:51:28.043000,109078.87,5e-05
2025-09-26 07:51:28.043000,109078.87,5e-05
2025-09-26 07:51:28.043000,109078.87,5e-05
2025-09-26 07:51:28.043000,109078.87,5e-05
2025-09-26 07:51:28.043000,109078.87,5e-05
2025-09-26 07:51:28.043000,109078.87,5e-05
2025-09-26 07:51:28.043000,109078.87,5e-05
2025-09-26 07:51:28.043000,109078.87,5e-05
2025-09-26 07:51:28.043000,109078.87,5e-05
2025-09-26 07:51:28.043000,109078.87,5e-05
2025-09-26 07:51:28.043000,109078.88,0.0001
2025-09-26 07:51:28.043000,109079.24,5e-05
2025-09-26 07:51:28.043000,109079.24,5e-05
2025-09-26 07:51:28.043000,109079.24,5e-05
2025-09-26 07:51:28.043000,109079.25,5e-05
2025-09-26 07:51:28.043000,109079.25,5e-05
2025-09-26 07:51:28.043000,109079.25,0.10151
2025-09-26 07:51:28.043000,109079.25,0.0001
2025-09-26 07:51:28.043000,109079.25,5e-05
2025-09-26 07:51:28.043000,109079.25,5e-05
2025-09-26 07:51:28.043000,109079.25,0.0829
2025-09-26 07:51:28.043000,109079.25,5e-05
2025-09-26 07:51:28.043000,109079.26,0.02207
2025-09-26 07:51:28.073000,109079.26,0.0979
2025-09-26 07:51:28.106000,109079.25,8e-05
2025-09-26 07:51:28.106000,109079.26,0.04003
2025-09-26 07:51:28.106000,109079.26,0.04371
2025-09-26 07:51:28.137000,109079.26,0.03629
2025-09-26 07:51:28.137000,109079.26,5e-05
2025-09-26 07:51:28.137000,109079.26,5e-05
2025-09-26 07:51:28.137000,109079.26,5e-05
2025-09-26 07:51:28.137000,109079.26,5e-05
2025-09-26 07:51:28.137000,109079.26,5e-05
2025-09-26 07:51:28.137000,109079.26,5e-05
2025-09-26 07:51:28.137000,109079.26,5e-05
2025-09-26 07:51:28.137000,109079.26,5e-05
2025-09-26 07:51:28.137000,109079.26,5e-05
2025-09-26 07:51:28.137000,109079.26,5e-05
2025-09-26 07:51:28.137000,109079.26,5e-05
2025-09-26 07:51:28.137000,109079.26,5e-05
2025-09-26 07:51:28.137000,109079.26,5e-05
2025-09-26 07:51:28.137000,109079.26,5e-05
2025-09-26 07:51:28.137000,109079.26,5e-05
2025-09-26 07:51:28.137000,109079.26,5e-05
2025-09-26 07:51:28.137000,109079.26,5e-05
2025-09-26 07:51:28.137000,109079.26,5e-05
2025-09-26 07:51:28.137000,109079.26,5e-05
2025-09-26 07:51:28.137000,109079.26,5e-05
2025-09-26 07:51:28.137000,109079.26,5e-05
2025-09-26 07:51:28.137000,109079.26,5e-05
2025-09-26 07:51:28.137000,109079.26,0.04471
2025-09-26 07:51:28.141000,109079.26,5e-05
2025-09-26 07:51:28.168000,109079.26,5e-05
2025-09-26 07:51:28.168000,109079.26,5e-05
2025-09-26 07:51:28.168000,109079.26,5e-05
2025-09-26 07:51:28.168000,109079.26,5e-05
2025-09-26 07:51:28.168000,109079.26,0.0001
2025-09-26 07:51:28.168000,109079.26,5e-05
2025-09-26 07:51:28.168000,109079.26,5e-05
2025-09-26 07:51:28.168000,109079.26,5e-05
2025-09-26 07:51:28.168000,109079.26,5e-05
2025-09-26 07:51:28.168000,109079.26,5e-05
2025-09-26 07:51:28.168000,109079.26,0.0492
2025-09-26 07:51:28.168000,109079.26,0.04324
2025-09-26 07:51:28.182000,109079.26,0.01172
2025-09-26 07:51:28.182000,109079.26,0.0001
2025-09-26 07:51:28.182000,109079.26,5e-05
2025-09-26 07:51:28.182000,109079.26,5e-05
2025-09-26 07:51:28.182000,109079.26,5e-05
2025-09-26 07:51:28.182000,109079.26,5e-05
2025-09-26 07:51:28.182000,109079.26,5e-05
2025-09-26 07:51:28.182000,109079.26,5e-05
2025-09-26 07:51:28.182000,109079.27,5e-05
2025-09-26 07:51:28.182000,109079.27,5e-05
2025-09-26 07:51:28.182000,109079.27,5e-05
2025-09-26 07:51:28.182000,109079.27,5e-05
2025-09-26 07:51:28.182000,109079.27,5e-05
2025-09-26 07:51:28.182000,109079.27,5e-05
2025-09-26 07:51:28.182000,109079.27,5e-05
2025-09-26 07:51:28.182000,109079.27,5e-05
2025-09-26 07:51:28.182000,109079.27,5e-05
2025-09-26 07:51:28.182000,109079.27,5e-05
2025-09-26 07:51:28.182000,109079.27,5e-05
2025-09-26 07:51:28.182000,109079.27,5e-05
2025-09-26 07:51:28.182000,109079.27,5e-05
2025-09-26 07:51:28.182000,109079.27,5e-05
2025-09-26 07:51:28.182000,109079.27,5e-05
2025-09-26 07:51:28.182000,109079.27,5e-05
2025-09-26 07:51:28.182000,109079.27,5e-05
2025-09-26 07:51:28.182000,109079.27,5e-05
2025-09-26 07:51:28.182000,109079.27,5e-05
2025-09-26 07:51:28.182000,109079.28,0.0001
2025-09-26 07:51:28.182000,109079.44,5e-05
2025-09-26 07:51:28.182000,109079.44,5e-05
2025-09-26 07:51:28.182000,109079.44,5e-05
2025-09-26 07:51:28.182000,109079.45,5e-05
2025-09-26 07:51:28.182000,109079.45,5e-05
2025-09-26 07:51:28.182000,109079.45,0.0001
2025-09-26 07:51:28.182000,109079.45,5e-05
2025-09-26 07:51:28.182000,109079.45,5e-05
2025-09-26 07:51:28.182000,109079.45,5e-05
2025-09-26 07:51:28.182000,109079.46,5e-05
2025-09-26 07:51:28.182000,109079.46,5e-05
2025-09-26 07:51:28.182000,109079.46,0.0001
2025-09-26 07:51:28.182000,109079.68,6e-05
2025-09-26 07:51:28.182000,109079.97,0.00017
2025-09-26 07:51:28.182000,109079.99,0.0001
2025-09-26 07:51:28.182000,109079.99,5e-05
2025-09-26 07:51:28.182000,109079.99,5e-05
2025-09-26 07:51:28.182000,109079.99,5e-05
2025-09-26 07:51:28.182000,109080.0,0.0001
2025-09-26 07:51:28.182000,109080.0,5e-05
2025-09-26 07:51:28.182000,109080.0,0.002
2025-09-26 07:51:28.182000,109080.0,0.0002
2025-09-26 07:51:28.182000,109080.0,0.0002
2025-09-26 07:51:28.182000,109080.0,0.00015
2025-09-26 07:51:28.182000,109080.0,0.01834
2025-09-26 07:51:28.182000,109080.0,5e-05
2025-09-26 07:51:28.182000,109080.0,5e-05
2025-09-26 07:51:28.190000,109082.16,0.02
2025-09-26 07:51:28.190000,109082.16,5e-05
2025-09-26 07:51:28.190000,109082.16,5e-05
2025-09-26 07:51:28.190000,109082.16,5e-05
2025-09-26 07:51:28.190000,109082.16,5e-05
2025-09-26 07:51:28.190000,109082.16,5e-05
2025-09-26 07:51:28.190000,109082.16,5e-05
2025-09-26 07:51:28.190000,109082.16,5e-05
2025-09-26 07:51:28.190000,109082.16,5e-05
2025-09-26 07:51:28.190000,109082.16,0.0001
2025-09-26 07:51:28.190000,109082.16,5e-05
2025-09-26 07:51:28.190000,109082.16,5e-05
2025-09-26 07:51:28.190000,109082.16,5e-05
2025-09-26 07:51:28.190000,109082.16,5e-05
2025-09-26 07:51:28.190000,109082.16,5e-05
2025-09-26 07:51:28.190000,109082.16,5e-05
2025-09-26 07:51:28.190000,109082.16,5e-05
2025-09-26 07:51:28.190000,109082.16,5e-05
2025-09-26 07:51:28.190000,109082.16,5e-05
2025-09-26 07:51:28.190000,109082.16,5e-05
2025-09-26 07:51:28.190000,109082.16,5e-05
2025-09-26 07:51:28.190000,109082.16,5e-05
2025-09-26 07:51:28.190000,109082.16,5e-05
2025-09-26 07:51:28.190000,109082.16,5e-05
2025-09-26 07:51:28.190000,109082.16,5e-05
2025-09-26 07:51:28.190000,109082.16,5e-05
2025-09-26 07:51:28.190000,109082.17,5e-05
2025-09-26 07:51:28.190000,109082.17,5e-05
2025-09-26 07:51:28.190000,109082.17,5e-05
2025-09-26 07:51:28.190000,109082.17,5e-05
2025-09-26 07:51:28.190000,109082.17,5e-05
2025-09-26 07:51:28.190000,109082.17,0.0001
2025-09-26 07:51:28.190000,109082.17,5e-05
2025-09-26 07:51:28.190000,109082.17,5e-05
2025-09-26 07:51:28.190000,109082.17,5e-05
2025-09-26 07:51:28.190000,109082.17,5e-05
2025-09-26 07:51:28.190000,109082.17,5e-05
2025-09-26 07:51:28.190000,109082.17,5e-05
2025-09-26 07:51:28.190000,109082.17,5e-05
2025-09-26 07:51:28.190000,109082.17,5e-05
2025-09-26 07:51:28.190000,109082.17,5e-05
2025-09-26 07:51:28.190000,109082.17,5e-05
2025-09-26 07:51:28.190000,109082.17,5e-05
2025-09-26 07:51:28.190000,109082.17,5e-05
2025-09-26 07:51:28.190000,109082.17,5e-05
2025-09-26 07:51:28.190000,109082.61,0.00061
2025-09-26 07:51:28.191000,109082.61,0.00087
2025-09-26 07:51:28.191000,109082.61,0.0001
2025-09-26 07:51:28.191000,109082.62,0.0001
2025-09-26 07:51:28.191000,109082.84,5e-05
2025-09-26 07:51:28.191000,109082.84,5e-05
2025-09-26 07:51:28.191000,109082.84,0.03828
2025-09-26 07:51:28.191000,109082.84,5e-05
2025-09-26 07:51:28.191000,109082.85,5e-05
2025-09-26 07:51:28.191000,109082.85,5e-05
2025-09-26 07:51:28.191000,109082.85,0.0001
2025-09-26 07:51:28.191000,109082.86,0.0001
2025-09-26 07:51:28.191000,109082.87,5e-05
2025-09-26 07:51:28.191000,109082.96,6e-05
2025-09-26 07:51:28.191000,109082.99,0.01174
2025-09-26 07:51:28.191000,109082.99,5e-05
2025-09-26 07:51:28.191000,109082.99,5e-05
2025-09-26 07:51:28.191000,109083.52,0.00974
2025-09-26 07:51:28.191000,109083.52,5e-05
2025-09-26 07:51:28.191000,109083.55,5e-05
2025-09-26 07:51:28.191000,109083.85,5e-05
2025-09-26 07:51:28.191000,109083.85,5e-05
2025-09-26 07:51:28.191000,109083.85,5e-05
2025-09-26 07:51:28.191000,109083.86,5e-05
2025-09-26 07:51:28.191000,109083.86,5e-05
2025-09-26 07:51:28.191000,109084.0,0.002
2025-09-26 07:51:28.191000,109084.0,0.0002
2025-09-26 07:51:28.191000,109084.0,0.0002
2025-09-26 07:51:28.191000,109084.0,0.00015
2025-09-26 07:51:28.191000,109084.2,5e-05
2025-09-26 07:51:28.191000,109084.36,0.04
2025-09-26 07:51:28.191000,109084.82,5e-05
2025-09-26 07:51:28.191000,109084.82,5e-05
2025-09-26 07:51:28.191000,109084.82,5e-05
2025-09-26 07:51:28.191000,109084.83,0.03014
2025-09-26 07:51:28.191000,109084.83,5e-05
2025-09-26 07:51:28.191000,109084.83,5e-05
2025-09-26 07:51:28.191000,109084.99,0.0001
2025-09-26 07:51:28.191000,109085.27,0.01037
2025-09-26 07:51:28.197000,109085.27,0.01417
2025-09-26 07:51:28.197000,109085.27,0.00916
2025-09-26 07:51:28.198000,109085.27,0.01398
2025-09-26 07:51:28.218000,109085.26,0.0001
2025-09-26 07:51:28.234000,109085.27,0.09324
2025-09-26 07:51:28.265000,109085.27,5e-05
2025-09-26 07:51:28.265000,109085.27,5e-05
2025-09-26 07:51:28.265000,109085.27,5e-05
2025-09-26 07:51:28.265000,109085.27,5e-05
2025-09-26 07:51:28.265000,109085.27,5e-05
2025-09-26 07:51:28.265000,109085.27,5e-05
2025-09-26 07:51:28.265000,109085.27,5e-05
2025-09-26 07:51:28.265000,109085.27,5e-05
2025-09-26 07:51:28.265000,109085.27,5e-05
2025-09-26 07:51:28.265000,109085.27,5e-05
2025-09-26 07:51:28.265000,109085.27,5e-05
2025-09-26 07:51:28.265000,109085.27,5e-05
2025-09-26 07:51:28.265000,109085.27,0.04
2025-09-26 07:51:28.265000,109085.27,0.02232
2025-09-26 07:51:28.300000,109085.27,0.03768
2025-09-26 07:51:28.300000,109085.27,5e-05
2025-09-26 07:51:28.300000,109085.27,0.00076
2025-09-26 07:51:28.300000,109085.27,0.0001
2025-09-26 07:51:28.300000,109085.27,5e-05
2025-09-26 07:51:28.300000,109085.27,5e-05
2025-09-26 07:51:28.300000,109085.27,5e-05
2025-09-26 07:51:28.300000,109085.27,5e-05
2025-09-26 07:51:28.300000,109085.27,5e-05
2025-09-26 07:51:28.300000,109085.27,5e-05
2025-09-26 07:51:28.300000,109085.27,5e-05
2025-09-26 07:51:28.300000,109085.27,5e-05
2025-09-26 07:51:28.300000,109085.27,5e-05
2025-09-26 07:51:28.300000,109085.27,5e-05
2025-09-26 07:51:28.300000,109085.27,5e-05
2025-09-26 07:51:28.300000,109085.27,5e-05
2025-09-26 07:51:28.300000,109085.27,5e-05
2025-09-26 07:51:28.300000,109085.27,5e-05
2025-09-26 07:51:28.300000,109085.27,0.05496
2025-09-26 07:51:28.300000,109085.28,5e-05
2025-09-26 07:51:28.300000,109085.28,5e-05
2025-09-26 07:51:28.300000,109085.28,5e-05
2025-09-26 07:51:28.300000,109085.28,5e-05
2025-09-26 07:51:28.300000,109085.28,5e-05
2025-09-26 07:51:28.300000,109085.28,5e-05
2025-09-26 07:51:28.300000,109085.28,5e-05
2025-09-26 07:51:28.300000,109085.28,5e-05
2025-09-26 07:51:28.300000,109085.28,5e-05
2025-09-26 07:51:28.300000,109085.28,5e-05
2025-09-26 07:51:28.300000,109085.28,5e-05
2025-09-26 07:51:28.300000,109085.28,5e-05
2025-09-26 07:51:28.300000,109085.28,5e-05
2025-09-26 07:51:28.300000,109085.28,5e-05
2025-09-26 07:51:28.300000,109085.28,5e-05
2025-09-26 07:51:28.300000,109085.28,5e-05
2025-09-26 07:51:28.300000,109085.28,5e-05
2025-09-26 07:51:28.300000,109085.28,5e-05
2025-09-26 07:51:28.320000,109085.29,5e-05
2025-09-26 07:51:28.320000,109085.29,1e-05
2025-09-26 07:51:28.331000,109085.29,4e-05
2025-09-26 07:51:28.331000,109085.29,5e-05
2025-09-26 07:51:28.331000,109085.29,5e-05
2025-09-26 07:51:28.331000,109085.29,5e-05
2025-09-26 07:51:28.331000,109085.29,5e-05
2025-09-26 07:51:28.331000,109085.29,5e-05
2025-09-26 07:51:28.331000,109085.29,5e-05
2025-09-26 07:51:28.331000,109085.29,5e-05
2025-09-26 07:51:28.331000,109085.29,5e-05
2025-09-26 07:51:28.331000,109085.29,5e-05
2025-09-26 07:51:28.331000,109085.29,5e-05
2025-09-26 07:51:28.331000,109085.29,5e-05
2025-09-26 07:51:28.331000,109085.29,5e-05
2025-09-26 07:51:28.331000,109085.29,5e-05
2025-09-26 07:51:28.331000,109085.29,5e-05
2025-09-26 07:51:28.331000,109085.29,5e-05
2025-09-26 07:51:28.331000,109085.29,5e-05
2025-09-26 07:51:28.331000,109085.29,5e-05
2025-09-26 07:51:28.331000,109085.29,5e-05
2025-09-26 07:51:28.331000,109085.29,5e-05
2025-09-26 07:51:28.331000,109085.29,5e-05
2025-09-26 07:51:28.331000,109085.29,5e-05
2025-09-26 07:51:28.331000,109085.29,5e-05
2025-09-26 07:51:28.331000,109085.29,5e-05
2025-09-26 07:51:28.331000,109085.29,5e-05
2025-09-26 07:51:28.331000,109085.29,5e-05
2025-09-26 07:51:28.331000,109085.29,5e-05
2025-09-26 07:51:28.331000,109085.29,5e-05
2025-09-26 07:51:28.331000,109085.29,5e-05
2025-09-26 07:51:28.331000,109085.29,5e-05
2025-09-26 07:51:28.331000,109085.29,0.00031
2025-09-26 07:51:28.331000,109085.29,5e-05
2025-09-26 07:51:28.331000,109085.29,5e-05
2025-09-26 07:51:28.331000,109085.29,5e-05
2025-09-26 07:51:28.331000,109085.29,5e-05
2025-09-26 07:51:28.331000,109085.29,5e-05
2025-09-26 07:51:28.331000,109085.29,5e-05
2025-09-26 07:51:28.331000,109085.29,0.0001
2025-09-26 07:51:28.331000,109085.29,5e-05
2025-09-26 07:51:28.331000,109085.29,5e-05
2025-09-26 07:51:28.331000,109085.29,5e-05
2025-09-26 07:51:28.331000,109085.29,5e-05
2025-09-26 07:51:28.331000,109085.3,5e-05
2025-09-26 07:51:28.331000,109085.3,5e-05
2025-09-26 07:51:28.331000,109085.3,5e-05
2025-09-26 07:51:28.331000,109085.3,5e-05
2025-09-26 07:51:28.331000,109085.3,5e-05
2025-09-26 07:51:28.331000,109085.3,5e-05
2025-09-26 07:51:28.331000,109085.3,5e-05
2025-09-26 07:51:28.331000,109085.3,5e-05
2025-09-26 07:51:28.331000,109085.3,5e-05
2025-09-26 07:51:28.331000,109085.3,5e-05
2025-09-26 07:51:28.331000,109085.3,5e-05
2025-09-26 07:51:28.331000,109085.3,5e-05
2025-09-26 07:51:28.331000,109085.3,5e-05
2025-09-26 07:51:28.331000,109085.3,5e-05
2025-09-26 07:51:28.331000,109085.3,5e-05
2025-09-26 07:51:28.331000,109085.3,5e-05
2025-09-26 07:51:28.331000,109085.3,5e-05
2025-09-26 07:51:28.331000,109085.3,5e-05
2025-09-26 07:51:28.331000,109085.31,0.0001
2025-09-26 07:51:28.331000,109086.15,5e-05
2025-09-26 07:51:28.331000,109086.24,6e-05
2025-09-26 07:51:28.331000,109086.3,0.0001
2025-09-26 07:51:28.374000,109087.61,5e-05
2025-09-26 07:51:28.374000,109087.61,5e-05
2025-09-26 07:51:28.374000,109087.61,5e-05
2025-09-26 07:51:28.374000,109087.61,5e-05
2025-09-26 07:51:28.374000,109087.61,5e-05
2025-09-26 07:51:28.374000,109087.61,5e-05
2025-09-26 07:51:28.374000,109087.61,5e-05
2025-09-26 07:51:28.374000,109087.61,5e-05
2025-09-26 07:51:28.374000,109087.61,5e-05
2025-09-26 07:51:28.374000,109087.61,5e-05
2025-09-26 07:51:28.374000,109087.61,5e-05
2025-09-26 07:51:28.374000,109087.61,5e-05
2025-09-26 07:51:28.374000,109087.61,5e-05
2025-09-26 07:51:28.374000,109087.61,5e-05
2025-09-26 07:51:28.374000,109087.61,5e-05
2025-09-26 07:51:28.374000,109087.61,5e-05
2025-09-26 07:51:28.374000,109087.61,5e-05
2025-09-26 07:51:28.374000,109087.61,5e-05
2025-09-26 07:51:28.374000,109087.61,5e-05
2025-09-26 07:51:28.374000,109087.61,5e-05
2025-09-26 07:51:28.374000,109087.61,0.0001
2025-09-26 07:51:28.374000,109087.61,5e-05
2025-09-26 07:51:28.374000,109087.61,5e-05
2025-09-26 07:51:28.374000,109087.61,5e-05
2025-09-26 07:51:28.374000,109087.61,5e-05
2025-09-26 07:51:28.374000,109087.61,5e-05
2025-09-26 07:51:28.374000,109087.61,0.00076
2025-09-26 07:51:28.374000,109087.61,9e-05
2025-09-26 07:51:28.374000,109087.61,5e-05
2025-09-26 07:51:28.374000,109087.62,0.00916
2025-09-26 07:51:28.374000,109087.62,0.00916
2025-09-26 07:51:28.374000,109087.62,0.00916
2025-09-26 07:51:28.374000,109087.62,0.00899
2025-09-26 07:51:28.374000,109087.62,0.0001
2025-09-26 07:51:28.374000,109087.62,5e-05
2025-09-26 07:51:28.374000,109087.62,5e-05
2025-09-26 07:51:28.374000,109087.62,5e-05
2025-09-26 07:51:28.374000,109087.62,5e-05
2025-09-26 07:51:28.374000,109087.62,5e-05
2025-09-26 07:51:28.374000,109087.62,5e-05
2025-09-26 07:51:28.374000,109087.62,5e-05
2025-09-26 07:51:28.374000,109087.62,5e-05
2025-09-26 07:51:28.374000,109087.62,5e-05
2025-09-26 07:51:28.374000,109087.62,5e-05
2025-09-26 07:51:28.374000,109087.62,5e-05
2025-09-26 07:51:28.374000,109087.62,5e-05
2025-09-26 07:51:28.374000,109087.62,5e-05
2025-09-26 07:51:28.374000,109087.62,5e-05
2025-09-26 07:51:28.374000,109087.62,5e-05
2025-09-26 07:51:28.374000,109087.62,5e-05
2025-09-26 07:51:28.374000,109087.62,5e-05
2025-09-26 07:51:28.374000,109087.62,5e-05
2025-09-26 07:51:28.374000,109087.62,5e-05
2025-09-26 07:51:28.374000,109087.62,5e-05
2025-09-26 07:51:28.374000,109087.63,0.0001
2025-09-26 07:51:28.374000,109088.0,0.002
2025-09-26 07:51:28.374000,109088.0,0.00017
2025-09-26 07:51:28.406000,109088.0,3e-05
2025-09-26 07:51:28.406000,109088.0,0.0002
2025-09-26 07:51:28.406000,109088.0,0.00015
2025-09-26 07:51:28.406000,109088.0,0.0001
2025-09-26 07:51:28.406000,109088.0,5e-05
2025-09-26 07:51:28.406000,109088.0,5e-05
2025-09-26 07:51:28.406000,109088.0,5e-05
2025-09-26 07:51:28.406000,109088.0,5e-05
2025-09-26 07:51:28.406000,109088.0,5e-05
2025-09-26 07:51:28.406000,109088.0,5e-05
2025-09-26 07:51:28.406000,109088.0,5e-05
2025-09-26 07:51:28.406000,109088.0,5e-05
2025-09-26 07:51:28.406000,109088.0,5e-05
2025-09-26 07:51:28.406000,109088.0,5e-05
2025-09-26 07:51:28.406000,109088.0,5e-05
2025-09-26 07:51:28.406000,109088.0,5e-05
2025-09-26 07:51:28.406000,109088.0,5e-05
2025-09-26 07:51:28.406000,109088.0,5e-05
2025-09-26 07:51:28.406000,109088.0,5e-05
2025-09-26 07:51:28.406000,109088.0,5e-05
2025-09-26 07:51:28.406000,109088.0,5e-05
2025-09-26 07:51:28.406000,109088.0,5e-05
2025-09-26 07:51:28.406000,109088.0,5e-05
2025-09-26 07:51:28.406000,109088.0,5e-05
2025-09-26 07:51:28.406000,109088.0,5e-05
2025-09-26 07:51:28.406000,109088.0,5e-05
2025-09-26 07:51:28.406000,109088.0,0.00041
2025-09-26 07:51:28.406000,109088.01,0.0001
2025-09-26 07:51:28.406000,109088.01,5e-05
2025-09-26 07:51:28.406000,109088.01,5e-05
2025-09-26 07:51:28.406000,109088.01,5e-05
2025-09-26 07:51:28.406000,109088.01,5e-05
2025-09-26 07:51:28.406000,109088.01,5e-05
2025-09-26 07:51:28.406000,109088.01,5e-05
2025-09-26 07:51:28.406000,109088.01,5e-05
2025-09-26 07:51:28.406000,109088.01,5e-05
2025-09-26 07:51:28.406000,109088.01,5e-05
2025-09-26 07:51:28.406000,109088.01,5e-05
2025-09-26 07:51:28.406000,109088.01,5e-05
2025-09-26 07:51:28.406000,109088.01,5e-05
2025-09-26 07:51:28.406000,109088.01,5e-05
2025-09-26 07:51:28.406000,109088.01,2e-05
2025-09-26 07:51:28.436000,109088.01,3e-05
2025-09-26 07:51:28.436000,109088.01,5e-05
2025-09-26 07:51:28.436000,109088.01,5e-05
2025-09-26 07:51:28.436000,109088.01,5e-05
2025-09-26 07:51:28.436000,109088.01,5e-05
2025-09-26 07:51:28.436000,109088.01,5e-05
2025-09-26 07:51:28.436000,109088.01,5e-05
2025-09-26 07:51:28.436000,109088.01,5e-05
2025-09-26 07:51:28.436000,109088.01,5e-05
2025-09-26 07:51:28.436000,109088.01,5e-05
2025-09-26 07:51:28.436000,109088.01,5e-05
2025-09-26 07:51:28.436000,109088.01,5e-05
2025-09-26 07:51:28.436000,109088.01,5e-05
2025-09-26 07:51:28.436000,109088.01,5e-05
2025-09-26 07:51:28.436000,109088.01,5e-05
2025-09-26 07:51:28.436000,109088.01,5e-05
2025-09-26 07:51:28.436000,109088.01,5e-05
2025-09-26 07:51:28.436000,109088.01,5e-05
2025-09-26 07:51:28.436000,109088.01,5e-05
2025-09-26 07:51:28.436000,109088.01,0.0001
2025-09-26 07:51:28.436000,109088.01,5e-05
2025-09-26 07:51:28.436000,109088.01,5e-05
2025-09-26 07:51:28.436000,109088.01,5e-05
2025-09-26 07:51:28.436000,109088.01,5e-05
2025-09-26 07:51:28.436000,109088.01,5e-05
2025-09-26 07:51:28.436000,109088.01,5e-05
2025-09-26 07:51:28.436000,109088.01,5e-05
2025-09-26 07:51:28.436000,109088.01,5e-05
2025-09-26 07:51:28.436000,109088.01,5e-05
2025-09-26 07:51:28.436000,109088.01,5e-05
2025-09-26 07:51:28.436000,109088.01,0.02424
2025-09-26 07:51:28.436000,109088.01,5e-05
2025-09-26 07:51:28.436000,109088.02,5e-05
2025-09-26 07:51:28.436000,109088.02,5e-05
2025-09-26 07:51:28.436000,109088.02,5e-05
2025-09-26 07:51:28.436000,109088.02,5e-05
2025-09-26 07:51:28.436000,109088.02,5e-05
2025-09-26 07:51:28.436000,109088.02,5e-05
2025-09-26 07:51:28.436000,109088.02,5e-05
2025-09-26 07:51:28.436000,109088.02,5e-05
2025-09-26 07:51:28.436000,109088.02,5e-05
2025-09-26 07:51:28.436000,109088.02,5e-05
2025-09-26 07:51:28.436000,109088.02,5e-05
2025-09-26 07:51:28.436000,109088.02,5e-05
2025-09-26 07:51:28.436000,109088.02,5e-05
2025-09-26 07:51:28.436000,109088.02,5e-05
2025-09-26 07:51:28.436000,109088.02,5e-05
2025-09-26 07:51:28.436000,109088.02,5e-05
2025-09-26 07:51:28.436000,109088.02,5e-05
2025-09-26 07:51:28.436000,109088.02,5e-05
2025-09-26 07:51:28.436000,109088.02,5e-05
2025-09-26 07:51:28.436000,109088.03,0.0001
2025-09-26 07:51:28.436000,109088.04,0.00077
2025-09-26 07:51:28.467000,109088.05,0.0001
2025-09-26 07:51:28.467000,109088.05,5e-05
2025-09-26 07:51:28.467000,109088.05,5e-05
2025-09-26 07:51:28.467000,109088.05,5e-05
2025-09-26 07:51:28.467000,109088.05,5e-05
2025-09-26 07:51:28.467000,109088.05,5e-05
2025-09-26 07:51:28.467000,109088.05,5e-05
2025-09-26 07:51:28.467000,109088.05,5e-05
2025-09-26 07:51:28.467000,109088.05,5e-05
2025-09-26 07:51:28.467000,109088.05,5e-05
2025-09-26 07:51:28.467000,109088.05,5e-05
2025-09-26 07:51:28.467000,109088.05,5e-05
2025-09-26 07:51:28.467000,109088.05,5e-05
2025-09-26 07:51:28.467000,109088.05,5e-05
2025-09-26 07:51:28.467000,109088.05,5e-05
2025-09-26 07:51:28.467000,109088.05,5e-05
2025-09-26 07:51:28.467000,109088.05,5e-05
2025-09-26 07:51:28.467000,109088.05,5e-05
2025-09-26 07:51:28.467000,109088.05,5e-05
2025-09-26 07:51:28.467000,109088.05,5e-05
2025-09-26 07:51:28.467000,109088.05,5e-05
2025-09-26 07:51:28.467000,109088.05,5e-05
2025-09-26 07:51:28.467000,109088.05,5e-05
2025-09-26 07:51:28.467000,109088.05,5e-05
2025-09-26 07:51:28.467000,109088.05,5e-05
2025-09-26 07:51:28.467000,109088.05,5e-05
2025-09-26 07:51:28.467000,109088.05,5e-05
2025-09-26 07:51:28.467000,109088.05,5e-05
2025-09-26 07:51:28.467000,109088.05,5e-05
2025-09-26 07:51:28.467000,109088.05,5e-05
2025-09-26 07:51:28.467000,109088.05,5e-05
2025-09-26 07:51:28.467000,109088.05,5e-05
2025-09-26 07:51:28.467000,109088.05,5e-05
2025-09-26 07:51:28.467000,109088.05,5e-05
2025-09-26 07:51:28.467000,109088.05,5e-05
2025-09-26 07:51:28.467000,109088.05,5e-05
2025-09-26 07:51:28.467000,109088.05,5e-05
2025-09-26 07:51:28.467000,109088.05,5e-05
2025-09-26 07:51:28.467000,109088.05,5e-05
2025-09-26 07:51:28.467000,109088.05,5e-05
2025-09-26 07:51:28.467000,109088.05,5e-05
2025-09-26 07:51:28.467000,109088.05,5e-05
2025-09-26 07:51:28.503000,109088.06,5e-05
2025-09-26 07:51:28.503000,109088.06,5e-05
2025-09-26 07:51:28.503000,109088.06,5e-05
2025-09-26 07:51:28.503000,109088.06,5e-05
2025-09-26 07:51:28.503000,109088.06,5e-05
2025-09-26 07:51:28.503000,109088.06,5e-05
2025-09-26 07:51:28.503000,109088.06,5e-05
2025-09-26 07:51:28.503000,109088.06,5e-05
2025-09-26 07:51:28.503000,109088.06,5e-05
2025-09-26 07:51:28.503000,109088.06,5e-05
2025-09-26 07:51:28.503000,109088.06,5e-05
2025-09-26 07:51:28.503000,109088.06,5e-05
2025-09-26 07:51:28.503000,109088.06,5e-05
2025-09-26 07:51:28.503000,109088.06,5e-05
2025-09-26 07:51:28.503000,109088.06,5e-05
2025-09-26 07:51:28.503000,109088.06,5e-05
2025-09-26 07:51:28.503000,109088.06,5e-05
2025-09-26 07:51:28.503000,109088.06,5e-05
2025-09-26 07:51:28.503000,109088.06,0.0001
2025-09-26 07:51:28.503000,109088.06,5e-05
2025-09-26 07:51:28.503000,109088.06,5e-05
2025-09-26 07:51:28.503000,109088.06,5e-05
2025-09-26 07:51:28.503000,109088.06,5e-05
2025-09-26 07:51:28.503000,109088.06,5e-05
2025-09-26 07:51:28.503000,109088.06,5e-05
2025-09-26 07:51:28.503000,109088.06,5e-05
2025-09-26 07:51:28.503000,109088.06,5e-05
2025-09-26 07:51:28.503000,109088.06,5e-05
2025-09-26 07:51:28.503000,109088.06,5e-05
2025-09-26 07:51:28.503000,109088.06,5e-05
2025-09-26 07:51:28.503000,109088.06,5e-05
2025-09-26 07:51:28.503000,109088.06,5e-05
2025-09-26 07:51:28.503000,109088.06,5e-05
2025-09-26 07:51:28.503000,109088.06,5e-05
2025-09-26 07:51:28.503000,109088.06,5e-05
2025-09-26 07:51:28.503000,109088.06,5e-05
2025-09-26 07:51:28.503000,109088.06,5e-05
2025-09-26 07:51:28.503000,109088.06,5e-05
2025-09-26 07:51:28.503000,109088.06,5e-05
2025-09-26 07:51:28.503000,109088.06,5e-05
2025-09-26 07:51:28.503000,109088.06,5e-05
2025-09-26 07:51:28.503000,109088.06,5e-05
2025-09-26 07:51:28.503000,109088.07,5e-05
2025-09-26 07:51:28.503000,109088.07,5e-05
2025-09-26 07:51:28.503000,109088.07,5e-05
2025-09-26 07:51:28.503000,109088.07,5e-05
2025-09-26 07:51:28.503000,109088.07,5e-05
2025-09-26 07:51:28.503000,109088.07,5e-05
2025-09-26 07:51:28.503000,109088.07,5e-05
2025-09-26 07:51:28.503000,109088.07,5e-05
2025-09-26 07:51:28.503000,109088.07,5e-05
2025-09-26 07:51:28.503000,109088.07,5e-05
2025-09-26 07:51:28.503000,109088.07,5e-05
2025-09-26 07:51:28.503000,109088.07,5e-05
2025-09-26 07:51:28.503000,109088.07,5e-05
2025-09-26 07:51:28.503000,109088.07,5e-05
2025-09-26 07:51:28.503000,109088.07,5e-05
2025-09-26 07:51:28.503000,109088.07,5e-05
2025-09-26 07:51:28.503000,109088.07,5e-05
2025-09-26 07:51:28.503000,109088.07,5e-05
2025-09-26 07:51:28.503000,109088.07,0.0001
2025-09-26 07:51:28.503000,109089.01,5e-05
2025-09-26 07:51:28.503000,109089.46,5e-05
2025-09-26 07:51:28.503000,109089.46,5e-05
2025-09-26 07:51:28.503000,109089.46,5e-05
2025-09-26 07:51:28.503000,109089.47,0.08
2025-09-26 07:51:28.503000,109089.47,0.02
2025-09-26 07:51:28.503000,109089.47,0.0001
2025-09-26 07:51:28.503000,109089.47,5e-05
2025-09-26 07:51:28.503000,109089.47,5e-05
2025-09-26 07:51:28.503000,109089.48,0.0001
2025-09-26 07:51:28.503000,109089.52,6e-05
2025-09-26 07:51:28.503000,109089.65,5e-05
2025-09-26 07:51:28.503000,109089.65,5e-05
2025-09-26 07:51:28.503000,109089.65,5e-05
2025-09-26 07:51:28.503000,109089.66,5e-05
2025-09-26 07:51:28.503000,109089.66,5e-05
2025-09-26 07:51:28.503000,109089.66,0.13002
2025-09-26 07:51:28.618000,109089.65,0.027
2025-09-26 07:51:28.621000,109089.65,0.002
2025-09-26 07:51:28.771000,109089.66,5e-05
2025-09-26 07:51:28.771000,109089.66,5e-05
2025-09-26 07:51:28.771000,109089.66,5e-05
2025-09-26 07:51:28.771000,109089.66,5e-05
2025-09-26 07:51:28.771000,109089.66,5e-05
2025-09-26 07:51:28.771000,109089.66,5e-05
2025-09-26 07:51:28.771000,109089.66,5e-05
2025-09-26 07:51:28.771000,109089.66,5e-05
2025-09-26 07:51:28.771000,109089.66,5e-05
2025-09-26 07:51:28.771000,109089.66,5e-05
2025-09-26 07:51:28.771000,109089.66,5e-05
2025-09-26 07:51:28.771000,109089.66,5e-05
2025-09-26 07:51:28.771000,109089.66,0.01377
2025-09-26 07:51:28.859000,109089.65,8e-05
2025-09-26 07:51:29.042000,109089.66,0.02623
2025-09-26 07:51:29.042000,109089.66,5e-05
2025-09-26 07:51:29.042000,109089.66,0.08
2025-09-26 07:51:29.042000,109089.66,0.02
2025-09-26 07:51:29.042000,109089.66,0.12532
2025-09-26 07:51:29.053000,109089.65,0.00061
2025-09-26 07:51:29.084000,109089.66,0.03468
2025-09-26 07:51:29.084000,109089.66,5e-05
2025-09-26 07:51:29.084000,109089.66,5e-05
2025-09-26 07:51:29.084000,109089.66,5e-05
2025-09-26 07:51:29.084000,109089.66,5e-05
2025-09-26 07:51:29.084000,109089.66,5e-05
2025-09-26 07:51:29.084000,109089.66,0.0492
2025-09-26 07:51:29.084000,109089.66,0.0001
2025-09-26 07:51:29.084000,109089.66,5e-05
2025-09-26 07:51:29.084000,109089.66,5e-05
2025-09-26 07:51:29.084000,109089.66,5e-05
2025-09-26 07:51:29.084000,109089.66,5e-05
2025-09-26 07:51:29.084000,109089.66,5e-05
2025-09-26 07:51:29.084000,109089.66,5e-05
2025-09-26 07:51:29.084000,109089.66,5e-05
2025-09-26 07:51:29.084000,109089.66,5e-05
2025-09-26 07:51:29.084000,109089.66,5e-05
2025-09-26 07:51:29.084000,109089.66,5e-05
2025-09-26 07:51:29.084000,109089.66,0.02
2025-09-26 07:51:29.084000,109089.66,0.00694
2025-09-26 07:51:29.116000,109089.66,0.03306
2025-09-26 07:51:29.116000,109089.66,0.04076
2025-09-26 07:51:29.148000,109089.66,0.03924
2025-09-26 07:51:29.148000,109089.66,0.0001
2025-09-26 07:51:29.148000,109089.66,5e-05
2025-09-26 07:51:29.148000,109089.66,5e-05
2025-09-26 07:51:29.148000,109089.66,5e-05
2025-09-26 07:51:29.148000,109089.66,5e-05
2025-09-26 07:51:29.148000,109089.66,5e-05
2025-09-26 07:51:29.148000,109089.66,5e-05
2025-09-26 07:51:29.148000,109089.66,0.02
2025-09-26 07:51:29.148000,109089.66,5e-05
2025-09-26 07:51:29.148000,109089.66,5e-05
2025-09-26 07:51:29.148000,109089.66,0.00735
2025-09-26 07:51:29.184000,109089.66,0.03265
2025-09-26 07:51:29.184000,109089.66,0.0492
2025-09-26 07:51:29.184000,109089.66,5e-05
2025-09-26 07:51:29.184000,109089.66,5e-05
2025-09-26 07:51:29.184000,109089.66,5e-05
2025-09-26 07:51:29.184000,109089.66,5e-05
2025-09-26 07:51:29.184000,109089.66,5e-05
2025-09-26 07:51:29.184000,109089.66,5e-05
2025-09-26 07:51:29.184000,109089.66,0.0001
2025-09-26 07:51:29.184000,109089.66,0.01581
2025-09-26 07:51:29.189000,109089.66,0.00017
2025-09-26 07:51:29.217000,109089.66,0.00402
2025-09-26 07:51:29.217000,109089.66,0.0001
2025-09-26 07:51:29.217000,109089.66,5e-05
2025-09-26 07:51:29.217000,109089.66,5e-05
2025-09-26 07:51:29.217000,109089.66,5e-05
2025-09-26 07:51:29.217000,109089.66,5e-05
2025-09-26 07:51:29.217000,109089.66,5e-05
2025-09-26 07:51:29.217000,109089.66,0.06093
2025-09-26 07:51:29.220000,109089.66,5e-05
2025-09-26 07:51:29.254000,109089.66,0.07574
2025-09-26 07:51:29.284000,109089.66,0.02328
2025-09-26 07:51:29.284000,109089.66,0.03966
2025-09-26 07:51:29.315000,109089.66,0.04034
2025-09-26 07:51:29.315000,109089.66,0.02984
2025-09-26 07:51:29.350000,109089.66,0.01016
2025-09-26 07:51:29.350000,109089.66,0.07083
2025-09-26 07:51:29.384000,109089.66,0.08054
2025-09-26 07:51:29.409000,109089.66,9e-05
2025-09-26 07:51:29.414000,109089.66,0.06168
2025-09-26 07:51:29.445000,109089.66,0.06696
2025-09-26 07:51:29.476000,109089.66,0.0399
2025-09-26 07:51:29.476000,109089.66,5e-05
2025-09-26 07:51:29.476000,109089.66,5e-05
2025-09-26 07:51:29.476000,109089.66,5e-05
2025-09-26 07:51:29.476000,109089.66,0.0001
2025-09-26 07:51:29.476000,109089.66,0.02
2025-09-26 07:51:29.476000,109089.66,5e-05
2025-09-26 07:51:29.476000,109089.66,5e-05
2025-09-26 07:51:29.476000,109089.66,5e-05
2025-09-26 07:51:29.476000,109089.66,5e-05
2025-09-26 07:51:29.476000,109089.66,0.00906
2025-09-26 07:51:29.515000,109089.66,0.08225
2025-09-26 07:51:30.043000,109089.66,0.06869
2025-09-26 07:51:30.043000,109089.66,0.08
2025-09-26 07:51:30.043000,109089.66,0.04
2025-09-26 07:51:30.043000,109089.66,5e-05
2025-09-26 07:51:30.043000,109089.66,0.0001
2025-09-26 07:51:30.043000,109089.66,5e-05
2025-09-26 07:51:30.043000,109089.66,0.05416
2025-09-26 07:51:30.085000,109089.66,0.0979
2025-09-26 07:51:30.123000,109089.66,0.09182
2025-09-26 07:51:30.163000,109089.66,0.07612
2025-09-26 07:51:30.163000,109089.66,5e-05
2025-09-26 07:51:30.163000,109089.66,5e-05
2025-09-26 07:51:30.163000,109089.66,0.01435
2025-09-26 07:51:30.193000,109089.66,0.00565
2025-09-26 07:51:30.193000,109089.66,5e-05
2025-09-26 07:51:30.193000,109089.66,5e-05
2025-09-26 07:51:30.193000,109089.66,5e-05
2025-09-26 07:51:30.193000,109089.66,5e-05
2025-09-26 07:51:30.193000,109089.66,0.02729
2025-09-26 07:51:30.195000,109089.66,0.01854
2025-09-26 07:51:30.195000,109089.66,0.00311
2025-09-26 07:51:30.195000,109089.66,0.0001
2025-09-26 07:51:30.195000,109089.66,5e-05
2025-09-26 07:51:30.195000,109089.66,0.04
2025-09-26 07:51:30.195000,109089.66,0.01053
2025-09-26 07:51:30.226000,109089.66,0.07527
2025-09-26 07:51:30.232000,109089.66,0.0742
2025-09-26 07:51:30.232000,109089.66,0.08
2025-09-26 07:51:30.232000,109089.66,0.1
2025-09-26 07:51:30.232000,109089.66,0.00621
2025-09-26 07:51:30.262000,109089.66,0.08652
2025-09-26 07:51:30.293000,109089.66,0.06256
2025-09-26 07:51:30.320000,109089.66,0.00554
2025-09-26 07:51:30.415000,109089.66,0.15917
2025-09-26 07:51:30.415000,109089.66,5e-05
2025-09-26 07:51:30.415000,109089.66,5e-05
2025-09-26 07:51:30.415000,109089.66,5e-05
2025-09-26 07:51:30.415000,109089.66,5e-05
2025-09-26 07:51:30.415000,109089.66,5e-05
2025-09-26 07:51:30.415000,109089.66,0.02
2025-09-26 07:51:30.415000,109089.66,0.04
2025-09-26 07:51:30.415000,109089.66,5e-05
2025-09-26 07:51:30.415000,109089.66,5e-05
2025-09-26 07:51:30.415000,109089.66,5e-05
2025-09-26 07:51:30.415000,109089.66,0.01136
2025-09-26 07:51:30.456000,109089.66,0.10105
2025-09-26 07:51:30.487000,109089.66,0.04759
2025-09-26 07:51:30.487000,109089.66,0.02527
2025-09-26 07:51:30.492000,109089.66,0.05473
2025-09-26 07:51:30.492000,109089.66,5e-05
2025-09-26 07:51:30.492000,109089.66,5e-05
2025-09-26 07:51:30.492000,109089.66,5e-05
2025-09-26 07:51:30.492000,109089.66,5e-05
2025-09-26 07:51:30.492000,109089.66,0.0001
2025-09-26 07:51:30.492000,109089.66,5e-05
2025-09-26 07:51:30.492000,109089.66,5e-05
2025-09-26 07:51:30.492000,109089.66,5e-05
2025-09-26 07:51:30.492000,109089.66,5e-05
2025-09-26 07:51:30.492000,109089.66,5e-05
2025-09-26 07:51:30.492000,109089.66,0.04
2025-09-26 07:51:30.492000,109089.66,5e-05
2025-09-26 07:51:30.492000,109089.66,0.32
2025-09-26 07:51:30.492000,109089.66,0.02
2025-09-26 07:51:30.492000,109089.66,0.07476
2025-09-26 07:51:30.519000,109089.66,0.06832
2025-09-26 07:51:30.549000,109089.66,0.01692
2025-09-26 07:51:30.549000,109089.66,5e-05
2025-09-26 07:51:30.549000,109089.66,5e-05
2025-09-26 07:51:30.549000,109089.66,0.0001
2025-09-26 07:51:30.549000,109089.66,5e-05
2025-09-26 07:51:30.549000,109089.66,5e-05
2025-09-26 07:51:30.549000,109089.66,5e-05
2025-09-26 07:51:30.549000,109089.66,5e-05
2025-09-26 07:51:30.549000,109089.66,5e-05
2025-09-26 07:51:30.549000,109089.66,5e-05
2025-09-26 07:51:30.549000,109089.66,0.05191
2025-09-26 07:51:30.584000,109089.66,0.08059
2025-09-26 07:51:30.615000,109089.66,0.0725
2025-09-26 07:51:31.017000,109089.66,0.115
2025-09-26 07:51:31.017000,109089.66,0.04
2025-09-26 07:51:31.017000,109089.66,0.02
2025-09-26 07:51:31.017000,109089.66,0.08
2025-09-26 07:51:31.017000,109089.66,5e-05
2025-09-26 07:51:31.017000,109089.66,5e-05
2025-09-26 07:51:31.017000,109089.66,5e-05
2025-09-26 07:51:31.017000,109089.66,5e-05
2025-09-26 07:51:31.017000,109089.66,5e-05
2025-09-26 07:51:31.017000,109089.66,0.0001
2025-09-26 07:51:31.017000,109089.66,5e-05
2025-09-26 07:51:31.017000,109089.66,5e-05
2025-09-26 07:51:31.017000,109089.66,5e-05
2025-09-26 07:51:31.017000,109089.66,5e-05
2025-09-26 07:51:31.017000,109089.66,5e-05
2025-09-26 07:51:31.017000,109089.66,5e-05
2025-09-26 07:51:31.017000,109089.66,0.16
2025-09-26 07:51:31.017000,109089.66,5e-05
2025-09-26 07:51:31.017000,109089.66,5e-05
2025-09-26 07:51:31.017000,109089.66,5e-05
2025-09-26 07:51:31.017000,109089.66,5e-05
2025-09-26 07:51:31.017000,109089.67,5e-05
2025-09-26 07:51:31.017000,109089.67,5e-05
2025-09-26 07:51:31.017000,109089.67,5e-05
2025-09-26 07:51:31.017000,109089.67,5e-05
2025-09-26 07:51:31.017000,109089.67,5e-05
2025-09-26 07:51:31.017000,109089.67,5e-05
2025-09-26 07:51:31.017000,109089.67,5e-05
2025-09-26 07:51:31.017000,109089.67,5e-05
2025-09-26 07:51:31.017000,109089.67,5e-05
2025-09-26 07:51:31.017000,109089.67,5e-05
2025-09-26 07:51:31.017000,109089.67,5e-05
2025-09-26 07:51:31.017000,109089.67,0.04583
2025-09-26 07:51:31.017000,109089.67,5e-05
2025-09-26 07:51:31.017000,109089.67,0.0001
2025-09-26 07:51:31.017000,109089.67,5e-05
2025-09-26 07:51:31.017000,109089.67,5e-05
2025-09-26 07:51:31.017000,109089.67,5e-05
2025-09-26 07:51:31.017000,109089.67,5e-05
2025-09-26 07:51:31.017000,109089.67,5e-05
2025-09-26 07:51:31.017000,109089.67,5e-05
2025-09-26 07:51:31.017000,109089.68,0.0001
2025-09-26 07:51:31.017000,109089.82,5e-05
2025-09-26 07:51:31.017000,109089.99,0.0001
2025-09-26 07:51:31.020000,109091.02,0.00165
2025-09-26 07:51:31.020000,109091.02,0.0001
2025-09-26 07:51:31.020000,109091.02,5e-05
2025-09-26 07:51:31.020000,109091.02,5e-05
2025-09-26 07:51:31.020000,109091.02,5e-05
2025-09-26 07:51:31.020000,109091.02,5e-05
2025-09-26 07:51:31.020000,109091.02,5e-05
2025-09-26 07:51:31.020000,109091.03,0.0001
2025-09-26 07:51:31.020000,109091.03,5e-05
2025-09-26 07:51:31.020000,109091.03,5e-05
2025-09-26 07:51:31.020000,109091.03,5e-05
2025-09-26 07:51:31.020000,109091.03,5e-05
2025-09-26 07:51:31.020000,109091.03,5e-05
2025-09-26 07:51:31.020000,109091.03,5e-05
2025-09-26 07:51:31.020000,109091.03,5e-05
2025-09-26 07:51:31.020000,109091.03,5e-05
2025-09-26 07:51:31.020000,109091.03,5e-05
2025-09-26 07:51:31.020000,109091.9,5e-05
2025-09-26 07:51:31.020000,109092.0,0.002
2025-09-26 07:51:31.020000,109092.0,0.0002
2025-09-26 07:51:31.020000,109092.0,0.0002
2025-09-26 07:51:31.020000,109092.0,0.00015
2025-09-26 07:51:31.040000,109092.0,5e-05
2025-09-26 07:51:31.040000,109092.0,5e-05
2025-09-26 07:51:31.040000,109092.0,5e-05
2025-09-26 07:51:31.040000,109092.0,5e-05
2025-09-26 07:51:31.040000,109092.0,5e-05
2025-09-26 07:51:31.040000,109092.0,5e-05
2025-09-26 07:51:31.040000,109092.0,5e-05
2025-09-26 07:51:31.040000,109092.0,5e-05
2025-09-26 07:51:31.040000,109092.0,5e-05
2025-09-26 07:51:31.040000,109092.0,5e-05
2025-09-26 07:51:31.040000,109092.0,5e-05
2025-09-26 07:51:31.040000,109092.0,5e-05
2025-09-26 07:51:31.040000,109092.0,5e-05
2025-09-26 07:51:31.040000,109092.0,5e-05
2025-09-26 07:51:31.040000,109092.0,5e-05
2025-09-26 07:51:31.040000,109092.0,5e-05
2025-09-26 07:51:31.040000,109092.0,5e-05
2025-09-26 07:51:31.040000,109092.0,5e-05
2025-09-26 07:51:31.040000,109092.0,5e-05
2025-09-26 07:51:31.040000,109092.0,5e-05
2025-09-26 07:51:31.040000,109092.0,0.0001
2025-09-26 07:51:31.040000,109092.0,5e-05
2025-09-26 07:51:31.040000,109092.0,5e-05
2025-09-26 07:51:31.040000,109092.0,5e-05
2025-09-26 07:51:31.040000,109092.0,5e-05
2025-09-26 07:51:31.040000,109092.0,5e-05
2025-09-26 07:51:31.040000,109092.0,5e-05
2025-09-26 07:51:31.040000,109092.0,5e-05
2025-09-26 07:51:31.040000,109092.0,5e-05
2025-09-26 07:51:31.040000,109092.0,5e-05
2025-09-26 07:51:31.040000,109092.0,5e-05
2025-09-26 07:51:31.040000,109092.0,5e-05
2025-09-26 07:51:31.040000,109092.0,5e-05
2025-09-26 07:51:31.040000,109092.0,5e-05
2025-09-26 07:51:31.040000,109092.0,5e-05
2025-09-26 07:51:31.040000,109092.0,5e-05
2025-09-26 07:51:31.040000,109092.0,5e-05
2025-09-26 07:51:31.040000,109092.0,5e-05
2025-09-26 07:51:31.040000,109092.0,5e-05
2025-09-26 07:51:31.040000,109092.0,0.00066
2025-09-26 07:51:31.040000,109092.0,5e-05
2025-09-26 07:51:31.040000,109092.01,5e-05
2025-09-26 07:51:31.040000,109092.01,5e-05
2025-09-26 07:51:31.040000,109092.01,5e-05
2025-09-26 07:51:31.040000,109092.01,5e-05
2025-09-26 07:51:31.040000,109092.01,5e-05
2025-09-26 07:51:31.040000,109092.01,5e-05
2025-09-26 07:51:31.040000,109092.01,5e-05
2025-09-26 07:51:31.040000,109092.01,5e-05
2025-09-26 07:51:31.040000,109092.01,5e-05
2025-09-26 07:51:31.040000,109092.01,5e-05
2025-09-26 07:51:31.040000,109092.01,5e-05
2025-09-26 07:51:31.040000,109092.01,5e-05
2025-09-26 07:51:31.040000,109092.01,5e-05
2025-09-26 07:51:31.040000,109092.01,5e-05
2025-09-26 07:51:31.040000,109092.01,5e-05
2025-09-26 07:51:31.040000,109092.01,5e-05
2025-09-26 07:51:31.040000,109092.01,5e-05
2025-09-26 07:51:31.040000,109092.01,5e-05
2025-09-26 07:51:31.040000,109092.01,0.0001
2025-09-26 07:51:31.040000,109092.01,5e-05
2025-09-26 07:51:31.040000,109092.01,5e-05
2025-09-26 07:51:31.040000,109092.01,5e-05
2025-09-26 07:51:31.040000,109092.01,5e-05
2025-09-26 07:51:31.040000,109092.01,5e-05
2025-09-26 07:51:31.040000,109092.01,5e-05
2025-09-26 07:51:31.040000,109092.01,5e-05
2025-09-26 07:51:31.040000,109092.01,5e-05
2025-09-26 07:51:31.040000,109092.01,5e-05
2025-09-26 07:51:31.040000,109092.01,5e-05
2025-09-26 07:51:31.040000,109092.01,5e-05
